<?xml version="1.0" encoding="UTF-8"?>
<!DOCTYPE html PUBLIC "-//W3C//DTD XHTML 1.0 Transitional//EN"
    "http://www.w3.org/TR/xhtml1/DTD/xhtml1-transitional.dtd">
<html xmlns="http://www.w3.org/1999/xhtml" xml:lang="en" lang="en">
 <head>
  <title>
</title>
<meta http-equiv="Content-Type" content="text/html;charset=utf-8" />
  <meta name='ocr-system' content='tesseract 3.04.00' />
  <meta name='ocr-capabilities' content='ocr_page ocr_carea ocr_par ocr_line ocrx_word'/>
</head>
<body>
  <div class='ocr_page' id='page_1' title='image "./codexdiplomaticu03morauoft/codexdiplomaticu03morauoft_0134.png"; bbox 0 0 2155 2928; ppageno 0'>
   <div class='ocr_carea' id='block_1_1' title="bbox 215 172 2050 637">
    <p class='ocr_par' dir='ltr' id='par_1_1' title="bbox 215 172 2050 637">
     <span class='ocr_line' id='line_1_1' title="bbox 1092 172 1191 212; baseline 0 -1"><span class='ocrx_word' id='word_1_1' title='bbox 1092 172 1191 212; x_wconf 72' lang='lat'><strong>102</strong></span> 
     </span>
     <span class='ocr_line' id='line_1_2' title="bbox 218 309 2050 370; baseline -0.004 -10"><span class='ocrx_word' id='word_1_2' title='bbox 218 332 270 360; x_wconf 85' lang='lat' dir='ltr'><strong>ea</strong></span> <span class='ocrx_word' id='word_1_3' title='bbox 293 319 383 359; x_wconf 85' lang='lat' dir='ltr'><strong>filiis</strong></span> <span class='ocrx_word' id='word_1_4' title='bbox 408 318 653 370; x_wconf 65' lang='lat' dir='ltr'><strong>procreatis7</strong></span> <span class='ocrx_word' id='word_1_5' title='bbox 686 328 767 356; x_wconf 92' lang='lat' dir='ltr'><strong>non</strong></span> <span class='ocrx_word' id='word_1_6' title='bbox 793 315 923 367; x_wconf 82' lang='lat' dir='ltr'>possit</span> <span class='ocrx_word' id='word_1_7' title='bbox 948 315 1056 352; x_wconf 90' lang='lat' dir='ltr'><strong>inter</strong></span> <span class='ocrx_word' id='word_1_8' title='bbox 1081 323 1156 351; x_wconf 91' lang='lat' dir='ltr'><strong>eos</strong></span> <span class='ocrx_word' id='word_1_9' title='bbox 1182 311 1341 362; x_wconf 82' lang='lat' dir='ltr'><strong>absque</strong></span> <span class='ocrx_word' id='word_1_10' title='bbox 1367 309 1576 349; x_wconf 90' lang='lat' dir='ltr'><strong>multorum</strong></span> <span class='ocrx_word' id='word_1_11' title='bbox 1608 310 1806 351; x_wconf 88' lang='lat' dir='ltr'><strong>scandalo</strong></span> <span class='ocrx_word' id='word_1_12' title='bbox 1839 311 2050 354; x_wconf 87' lang='lat' dir='ltr'><strong>diuortium</strong></span> 
     </span>
     <span class='ocr_line' id='line_1_3' title="bbox 218 378 2050 437; baseline -0.003 -10"><span class='ocrx_word' id='word_1_13' title='bbox 218 389 446 427; x_wconf 90' lang='lat' dir='ltr'><strong>celebrari:</strong></span> <span class='ocrx_word' id='word_1_14' title='bbox 480 385 700 437; x_wconf 90' lang='lat' dir='ltr'><strong>prouidere</strong></span> <span class='ocrx_word' id='word_1_15' title='bbox 733 385 911 434; x_wconf 87' lang='lat' dir='ltr'><strong>ipsorum</strong></span> <span class='ocrx_word' id='word_1_16' title='bbox 949 382 990 419; x_wconf 91' lang='lat' dir='ltr'><strong>in</strong></span> <span class='ocrx_word' id='word_1_17' title='bbox 1022 380 1102 419; x_wconf 88' lang='lat' dir='ltr'><strong>hac</strong></span> <span class='ocrx_word' id='word_1_18' title='bbox 1135 382 1253 430; x_wconf 88' lang='lat' dir='ltr'><strong>parte</strong></span> <span class='ocrx_word' id='word_1_19' title='bbox 1286 379 1408 417; x_wconf 87' lang='lat' dir='ltr'><strong>saluti</strong></span> <span class='ocrx_word' id='word_1_20' title='bbox 1440 378 1765 418; x_wconf 80' lang='lat' dir='ltr'><strong>misericorditer</strong></span> <span class='ocrx_word' id='word_1_21' title='bbox 1796 390 2050 423; x_wconf 84' lang='lat' dir='ltr'><strong>curaremus.</strong></span> 
     </span>
     <span class='ocr_line' id='line_1_4' title="bbox 217 446 2050 505; baseline -0.004 -10"><span class='ocrx_word' id='word_1_22' title='bbox 217 456 466 496; x_wconf 86' lang='lat' dir='ltr'><strong>Mandamus</strong></span> <span class='ocrx_word' id='word_1_23' title='bbox 499 456 649 505; x_wconf 65' lang='lat' dir='ltr'><strong>itaque7</strong></span> <span class='ocrx_word' id='word_1_24' title='bbox 683 455 885 502; x_wconf 82' lang='lat' dir='ltr'><strong>quatenus</strong></span> <span class='ocrx_word' id='word_1_25' title='bbox 918 450 952 488; x_wconf 91' lang='lat' dir='ltr'><strong>si</strong></span> <span class='ocrx_word' id='word_1_26' title='bbox 986 451 1051 487; x_wconf 86' lang='lat' dir='ltr'><strong>est</strong></span> <span class='ocrx_word' id='word_1_27' title='bbox 1082 449 1151 500; x_wconf 77' lang='lat' dir='ltr'><strong>ita7</strong></span> <span class='ocrx_word' id='word_1_28' title='bbox 1185 459 1274 486; x_wconf 89' lang='lat' dir='ltr'><strong>cum</strong></span> <span class='ocrx_word' id='word_1_29' title='bbox 1300 447 1454 486; x_wconf 88' lang='lat' dir='ltr'><strong>eisdem</strong></span> <span class='ocrx_word' id='word_1_30' title='bbox 1486 446 1547 486; x_wconf 87' lang='grc' dir='ltr'><strong>Μ.</strong></span> <span class='ocrx_word' id='word_1_31' title='bbox 1581 450 1623 485; x_wconf 88' lang='lat' dir='ltr'><strong>et</strong></span> <span class='ocrx_word' id='word_1_32' title='bbox 1653 446 1703 485; x_wconf 81' lang='lat' dir='ltr'><strong>L.</strong></span> <span class='ocrx_word' id='word_1_33' title='bbox 1735 450 1779 486; x_wconf 90' lang='lat' dir='ltr'><strong>ut</strong></span> <span class='ocrx_word' id='word_1_34' title='bbox 1810 447 1919 487; x_wconf 90' lang='lat' dir='ltr'><strong>licite</strong></span> <span class='ocrx_word' id='word_1_35' title='bbox 1951 461 2050 499; x_wconf 89' lang='lat' dir='ltr'><strong>pos-</strong></span> 
     </span>
     <span class='ocr_line' id='line_1_5' title="bbox 216 514 2049 572; baseline -0.005 -9"><span class='ocrx_word' id='word_1_36' title='bbox 216 525 298 563; x_wconf 85' lang='lat' dir='ltr'><strong>sint</strong></span> <span class='ocrx_word' id='word_1_37' title='bbox 330 525 370 563; x_wconf 90' lang='lat' dir='ltr'><strong>in</strong></span> <span class='ocrx_word' id='word_1_38' title='bbox 402 524 462 561; x_wconf 90' lang='lat' dir='ltr'><strong>sic</strong></span> <span class='ocrx_word' id='word_1_39' title='bbox 497 524 708 561; x_wconf 88' lang='lat' dir='ltr'><strong>contracto</strong></span> <span class='ocrx_word' id='word_1_40' title='bbox 741 518 990 557; x_wconf 81' lang='lat' dir='ltr'><strong>matrimonio</strong></span> <span class='ocrx_word' id='word_1_41' title='bbox 1023 525 1254 568; x_wconf 69' lang='lat' dir='ltr'><strong>remanere,</strong></span> <span class='ocrx_word' id='word_1_42' title='bbox 1293 514 1434 568; x_wconf 89' lang='lat' dir='ltr'><strong>gradu</strong></span> <span class='ocrx_word' id='word_1_43' title='bbox 1466 514 1695 553; x_wconf 88' lang='lat' dir='ltr'><strong>huiusmodi</strong></span> <span class='ocrx_word' id='word_1_44' title='bbox 1733 526 1815 554; x_wconf 90' lang='lat' dir='ltr'><strong>non</strong></span> <span class='ocrx_word' id='word_1_45' title='bbox 1848 515 2049 572; x_wconf 76' lang='lat' dir='ltr'><strong>obstante,</strong></span> 
     </span>
     <span class='ocr_line' id='line_1_6' title="bbox 215 582 2049 637; baseline -0.003 -7"><span class='ocrx_word' id='word_1_46' title='bbox 215 591 463 630; x_wconf 85' lang='lat' dir='ltr'><strong>auctoritate</strong></span> <span class='ocrx_word' id='word_1_47' title='bbox 516 592 660 629; x_wconf 87' lang='lat' dir='ltr'><strong>nostra</strong></span> <span class='ocrx_word' id='word_1_48' title='bbox 714 587 946 637; x_wconf 85' lang='lat' dir='ltr'><strong>dispenses.</strong></span> <span class='ocrx_word' id='word_1_49' title='bbox 1035 583 1186 622; x_wconf 86' lang='lat' dir='ltr'><strong>Datum</strong></span> <span class='ocrx_word' id='word_1_50' title='bbox 1239 582 1456 637; x_wconf 78' lang='lat' dir='ltr'><strong>Lugduni⁷</strong></span> <span class='ocrx_word' id='word_1_51' title='bbox 1511 583 1586 622; x_wconf 90' lang='grc' dir='ltr'><strong>ΠΙ.</strong></span> <span class='ocrx_word' id='word_1_52' title='bbox 1642 582 1742 622; x_wconf 89' lang='lat' dir='ltr'><strong>Idus</strong></span> <span class='ocrx_word' id='word_1_53' title='bbox 1792 583 2049 626; x_wconf 83' lang='lat' dir='ltr'><strong>Decembris.</strong></span> 
     </span>
    </p>
   </div>
   <div class='ocr_carea' id='block_1_2' title="bbox 218 655 951 699">
    <p class='ocr_par' dir='ltr' id='par_1_2' title="bbox 218 655 951 699">
     <span class='ocr_line' id='line_1_7' title="bbox 218 655 951 699; baseline -0.008 -2"><span class='ocrx_word' id='word_1_54' title='bbox 218 657 482 699; x_wconf 83' lang='lat' dir='ltr'><strong>Pontificatus</strong></span> <span class='ocrx_word' id='word_1_55' title='bbox 514 656 644 696; x_wconf 84' lang='lat' dir='ltr'><strong>nostri</strong></span> <span class='ocrx_word' id='word_1_56' title='bbox 676 665 784 693; x_wconf 89' lang='lat' dir='ltr'><strong>anno</strong></span> <span class='ocrx_word' id='word_1_57' title='bbox 816 655 951 692; x_wconf 85' lang='lat' dir='ltr'><strong>sexto.</strong></span> 
     </span>
    </p>
   </div>
   <div class='ocr_carea' id='block_1_3' title="bbox 521 746 1237 792">
    <p class='ocr_par' dir='ltr' id='par_1_3' title="bbox 521 746 1237 792">
     <span class='ocr_line' id='line_1_8' title="bbox 521 746 1237 792; baseline -0.006 -8"><span class='ocrx_word' id='word_1_58' title='bbox 521 753 574 784; x_wconf 83' lang='lat' dir='ltr'><strong>Ex</strong></span> <span class='ocrx_word' id='word_1_59' title='bbox 597 751 732 784; x_wconf 88' lang='lat' dir='ltr'><strong>eodem</strong></span> <span class='ocrx_word' id='word_1_60' title='bbox 754 751 937 792; x_wconf 84' lang='lat' dir='ltr'><strong>Regesto</strong></span> <span class='ocrx_word' id='word_1_61' title='bbox 960 767 1002 773; x_wconf 81' lang='lat'><em>-</em></span> <span class='ocrx_word' id='word_1_62' title='bbox 1026 749 1121 790; x_wconf 82' lang='lat' dir='ltr'><strong>epist.</strong></span> <span class='ocrx_word' id='word_1_63' title='bbox 1146 746 1237 780; x_wconf 79' lang='lat'><strong>250.</strong></span> 
     </span>
    </p>
   </div>
   <div class='ocr_carea' id='block_1_4' title="bbox 1008 912 1256 957">
    <p class='ocr_par' dir='ltr' id='par_1_4' title="bbox 1008 912 1256 957">
     <span class='ocr_line' id='line_1_9' title="bbox 1008 912 1256 957; baseline -0.008 0"><span class='ocrx_word' id='word_1_64' title='bbox 1008 912 1256 957; x_wconf 83' lang='lat' dir='ltr'>CXXXIV.</span> 
     </span>
    </p>
   </div>
   <div class='ocr_carea' id='block_1_5' title="bbox 214 1008 2048 1129">
    <p class='ocr_par' dir='ltr' id='par_1_5' title="bbox 214 1008 2048 1129">
     <span class='ocr_line' id='line_1_10' title="bbox 214 1008 2048 1064; baseline -0.001 -13"><span class='ocrx_word' id='word_1_65' title='bbox 214 1013 375 1063; x_wconf 78' lang='lat' dir='ltr'><strong>Bruno,</strong></span> <span class='ocrx_word' id='word_1_66' title='bbox 408 1011 629 1064; x_wconf 76' lang='lat' dir='ltr'><strong>episcopus</strong></span> <span class='ocrx_word' id='word_1_67' title='bbox 667 1009 972 1061; x_wconf 73' lang='lat' dir='ltr'><strong>mamm-ensis,</strong></span> <span class='ocrx_word' id='word_1_68' title='bbox 1011 1010 1264 1048; x_wconf 78' lang='lat' dir='ltr'><strong>monasterio</strong></span> <span class='ocrx_word' id='word_1_69' title='bbox 1297 1008 1440 1050; x_wconf 78' lang='lat' dir='ltr'><strong>Cellae</strong></span> <span class='ocrx_word' id='word_1_70' title='bbox 1477 1010 1648 1049; x_wconf 76' lang='lat' dir='ltr'><strong>sanctae</strong></span> <span class='ocrx_word' id='word_1_71' title='bbox 1678 1010 1848 1050; x_wconf 83' lang='lat' dir='ltr'><strong>Mariae</strong></span> <span class='ocrx_word' id='word_1_72' title='bbox 1877 1009 2048 1050; x_wconf 81' lang='lat' dir='ltr'><strong>Brunae</strong></span> 
     </span>
     <span class='ocr_line' id='line_1_11' title="bbox 758 1076 1511 1129; baseline 0 -13"><span class='ocrx_word' id='word_1_73' title='bbox 758 1076 1041 1128; x_wconf 69' lang='lat' dir='ltr'><strong>indulyentias</strong></span> <span class='ocrx_word' id='word_1_74' title='bbox 1073 1077 1290 1129; x_wconf 74' lang='lat' dir='ltr'><strong>elarqz&#39;lur.</strong></span> <span class='ocrx_word' id='word_1_75' title='bbox 1359 1076 1511 1117; x_wconf 76' lang='lat'><strong>1248.</strong></span> 
     </span>
    </p>
   </div>
   <div class='ocr_carea' id='block_1_6' title="bbox 208 1170 2047 2403">
    <p class='ocr_par' dir='ltr' id='par_1_6' title="bbox 208 1170 2047 2403">
     <span class='ocr_line' id='line_1_12' title="bbox 355 1170 2047 1242; baseline -0.001 -12"><span class='ocrx_word' id='word_1_76' title='bbox 355 1170 519 1230; x_wconf 87' lang='lat' dir='ltr'><strong>Bruno</strong></span> <span class='ocrx_word' id='word_1_77' title='bbox 552 1187 620 1227; x_wconf 91' lang='lat' dir='ltr'><strong>dei</strong></span> <span class='ocrx_word' id='word_1_78' title='bbox 652 1189 793 1242; x_wconf 88' lang='lat' dir='ltr'><strong>gratia</strong></span> <span class='ocrx_word' id='word_1_79' title='bbox 827 1187 1115 1228; x_wconf 87' lang='lat' dir='ltr'><strong>Olomucensis</strong></span> <span class='ocrx_word' id='word_1_80' title='bbox 1149 1189 1386 1239; x_wconf 88' lang='lat' dir='ltr'><strong>episcopus.</strong></span> <span class='ocrx_word' id='word_1_81' title='bbox 1424 1187 1636 1227; x_wconf 88' lang='lat' dir='ltr'><strong>vniuersis</strong></span> <span class='ocrx_word' id='word_1_82' title='bbox 1677 1185 1834 1228; x_wconf 82' lang='lat' dir='ltr'><strong>Christi</strong></span> <span class='ocrx_word' id='word_1_83' title='bbox 1865 1186 2047 1228; x_wconf 87' lang='lat' dir='ltr'><strong>fidelibus</strong></span> 
     </span>
     <span class='ocr_line' id='line_1_13' title="bbox 210 1253 2043 1309; baseline -0.001 -12"><span class='ocrx_word' id='word_1_84' title='bbox 210 1260 444 1309; x_wconf 86' lang='lat' dir='ltr'><strong>presentem</strong></span> <span class='ocrx_word' id='word_1_85' title='bbox 482 1257 681 1309; x_wconf 84' lang='lat' dir='ltr'><strong>paginam</strong></span> <span class='ocrx_word' id='word_1_86' title='bbox 722 1257 973 1307; x_wconf 89' lang='lat' dir='ltr'><strong>inspecturis</strong></span> <span class='ocrx_word' id='word_1_87' title='bbox 1013 1257 1186 1296; x_wconf 89' lang='lat' dir='ltr'><strong>salutem</strong></span> <span class='ocrx_word' id='word_1_88' title='bbox 1226 1258 1265 1296; x_wconf 92' lang='lat' dir='ltr'><strong>in</strong></span> <span class='ocrx_word' id='word_1_89' title='bbox 1306 1256 1478 1295; x_wconf 89' lang='lat' dir='ltr'><strong>omnium</strong></span> <span class='ocrx_word' id='word_1_90' title='bbox 1520 1256 1746 1296; x_wconf 88' lang='lat' dir='ltr'><strong>saluatore.</strong></span> <span class='ocrx_word' id='word_1_91' title='bbox 1810 1253 1912 1297; x_wconf 89' lang='lat' dir='ltr'><strong>Cum</strong></span> <span class='ocrx_word' id='word_1_92' title='bbox 1944 1256 2043 1308; x_wconf 89' lang='lat' dir='ltr'><strong>proh</strong></span> 
     </span>
     <span class='ocr_line' id='line_1_14' title="bbox 210 1323 2046 1376; baseline -0.001 -11"><span class='ocrx_word' id='word_1_93' title='bbox 210 1325 337 1365; x_wconf 89' lang='lat' dir='ltr'><strong>dolor.</strong></span> <span class='ocrx_word' id='word_1_94' title='bbox 384 1329 553 1376; x_wconf 89' lang='lat' dir='ltr'><strong>propter</strong></span> <span class='ocrx_word' id='word_1_95' title='bbox 595 1324 840 1375; x_wconf 84' lang='lat' dir='ltr'><strong>pronitatem</strong></span> <span class='ocrx_word' id='word_1_96' title='bbox 887 1325 1048 1364; x_wconf 83' lang='lat' dir='ltr'><strong>malicie</strong></span> <span class='ocrx_word' id='word_1_97' title='bbox 1093 1325 1146 1364; x_wconf 88' lang='lat' dir='ltr'><strong>ab</strong></span> <span class='ocrx_word' id='word_1_98' title='bbox 1186 1324 1471 1364; x_wconf 86' lang='lat' dir='ltr'><strong>adolescentia</strong></span> <span class='ocrx_word' id='word_1_99' title='bbox 1521 1325 1652 1363; x_wconf 88' lang='lat' dir='ltr'><strong>omnis</strong></span> <span class='ocrx_word' id='word_1_100' title='bbox 1698 1335 1799 1364; x_wconf 89' lang='lat' dir='ltr'><strong>caro</strong></span> <span class='ocrx_word' id='word_1_101' title='bbox 1845 1323 1936 1364; x_wconf 89' lang='lat' dir='ltr'><strong>sere</strong></span> <span class='ocrx_word' id='word_1_102' title='bbox 1972 1335 2046 1375; x_wconf 83' lang='lat' dir='ltr'><strong>per</strong></span> 
     </span>
     <span class='ocr_line' id='line_1_15' title="bbox 209 1392 2045 1445; baseline -0.001 -12"><span class='ocrx_word' id='word_1_103' title='bbox 209 1395 385 1445; x_wconf 89' lang='lat' dir='ltr'><strong>peccata</strong></span> <span class='ocrx_word' id='word_1_104' title='bbox 415 1393 522 1432; x_wconf 88' lang='lat' dir='ltr'><strong>uiam</strong></span> <span class='ocrx_word' id='word_1_105' title='bbox 563 1404 678 1432; x_wconf 89' lang='lat' dir='ltr'><strong>suam</strong></span> <span class='ocrx_word' id='word_1_106' title='bbox 710 1393 956 1443; x_wconf 85' lang='lat' dir='ltr'><strong>corruperit.</strong></span> <span class='ocrx_word' id='word_1_107' title='bbox 996 1393 1074 1431; x_wconf 91' lang='lat' dir='ltr'><strong>nisi</strong></span> <span class='ocrx_word' id='word_1_108' title='bbox 1114 1392 1300 1432; x_wconf 88' lang='lat' dir='ltr'><strong>dominus</strong></span> <span class='ocrx_word' id='word_1_109' title='bbox 1340 1393 1394 1432; x_wconf 93' lang='lat' dir='ltr'><strong>ad</strong></span> <span class='ocrx_word' id='word_1_110' title='bbox 1433 1393 1605 1444; x_wconf 85' lang='lat' dir='ltr'><strong>patriam</strong></span> <span class='ocrx_word' id='word_1_111' title='bbox 1646 1404 1749 1433; x_wconf 87' lang='lat' dir='ltr'><strong>uere</strong></span> <span class='ocrx_word' id='word_1_112' title='bbox 1788 1393 2045 1433; x_wconf 85' lang='lat' dir='ltr'><strong>tendentibus</strong></span> 
     </span>
     <span class='ocr_line' id='line_1_16' title="bbox 208 1459 2043 1516; baseline -0.001 -14"><span class='ocrx_word' id='word_1_113' title='bbox 208 1463 383 1503; x_wconf 89' lang='lat' dir='ltr'><strong>tabulam</strong></span> <span class='ocrx_word' id='word_1_114' title='bbox 415 1466 508 1513; x_wconf 89' lang='lat' dir='ltr'><strong>post</strong></span> <span class='ocrx_word' id='word_1_115' title='bbox 531 1460 797 1516; x_wconf 84' lang='lat' dir='ltr'><strong>naufragium</strong></span> <span class='ocrx_word' id='word_1_116' title='bbox 828 1462 1069 1514; x_wconf 86' lang='lat' dir='ltr'><strong>reliquisset</strong></span> <span class='ocrx_word' id='word_1_117' title='bbox 1097 1462 1364 1512; x_wconf 85' lang='lat' dir='ltr'><strong>penitentiam</strong></span> <span class='ocrx_word' id='word_1_118' title='bbox 1395 1462 1472 1500; x_wconf 90' lang='lat' dir='ltr'><strong>iam</strong></span> <span class='ocrx_word' id='word_1_119' title='bbox 1499 1473 1579 1500; x_wconf 91' lang='lat' dir='ltr'><strong>non</strong></span> <span class='ocrx_word' id='word_1_120' title='bbox 1613 1461 1756 1501; x_wconf 87' lang='lat' dir='ltr'><strong>saluus</strong></span> <span class='ocrx_word' id='word_1_121' title='bbox 1780 1459 1897 1501; x_wconf 87' lang='lat' dir='ltr'><strong>fieret</strong></span> <span class='ocrx_word' id='word_1_122' title='bbox 1921 1461 2043 1501; x_wconf 89' lang='lat' dir='ltr'><strong>omnis</strong></span> 
     </span>
     <span class='ocr_line' id='line_1_17' title="bbox 209 1529 2044 1584; baseline -0.001 -14"><span class='ocrx_word' id='word_1_123' title='bbox 209 1531 339 1570; x_wconf 88' lang='lat' dir='ltr'><strong>homo.</strong></span> <span class='ocrx_word' id='word_1_124' title='bbox 403 1530 508 1579; x_wconf 82' lang='lat' dir='ltr'><strong>Quia</strong></span> <span class='ocrx_word' id='word_1_125' title='bbox 549 1531 681 1584; x_wconf 89' lang='lat' dir='ltr'><strong>igitur</strong></span> <span class='ocrx_word' id='word_1_126' title='bbox 720 1530 906 1570; x_wconf 86' lang='lat' dir='ltr'><strong>saluator</strong></span> <span class='ocrx_word' id='word_1_127' title='bbox 953 1531 1125 1569; x_wconf 86' lang='lat' dir='ltr'><strong>omnium</strong></span> <span class='ocrx_word' id='word_1_128' title='bbox 1171 1530 1290 1569; x_wconf 91' lang='lat' dir='ltr'><strong>homo</strong></span> <span class='ocrx_word' id='word_1_129' title='bbox 1331 1529 1435 1568; x_wconf 86' lang='lat' dir='ltr'><strong>deus</strong></span> <span class='ocrx_word' id='word_1_130' title='bbox 1482 1531 1606 1569; x_wconf 83' lang='lat' dir='ltr'><strong>totius</strong></span> <span class='ocrx_word' id='word_1_131' title='bbox 1649 1530 1790 1584; x_wconf 87' lang='lat' dir='ltr'><strong>gratie</strong></span> <span class='ocrx_word' id='word_1_132' title='bbox 1837 1533 1878 1569; x_wconf 89' lang='lat' dir='ltr'><strong>et</strong></span> <span class='ocrx_word' id='word_1_133' title='bbox 1917 1529 2044 1569; x_wconf 88' lang='lat' dir='ltr'><strong>solatii</strong></span> 
     </span>
     <span class='ocr_line' id='line_1_18' title="bbox 208 1597 2042 1649; baseline 0 -12"><span class='ocrx_word' id='word_1_134' title='bbox 208 1597 463 1638; x_wconf 90' lang='lat' dir='ltr'><strong>multifariam</strong></span> <span class='ocrx_word' id='word_1_135' title='bbox 503 1599 593 1637; x_wconf 88' lang='lat' dir='ltr'><strong>olim</strong></span> <span class='ocrx_word' id='word_1_136' title='bbox 624 1598 800 1649; x_wconf 90' lang='lat' dir='ltr'><strong>loquens</strong></span> <span class='ocrx_word' id='word_1_137' title='bbox 833 1598 1020 1649; x_wconf 88' lang='lat' dir='ltr'><strong>patribus</strong></span> <span class='ocrx_word' id='word_1_138' title='bbox 1053 1599 1093 1637; x_wconf 90' lang='lat' dir='ltr'><strong>in</strong></span> <span class='ocrx_word' id='word_1_139' title='bbox 1126 1598 1340 1649; x_wconf 85' lang='lat' dir='ltr'><strong>prophetis</strong></span> <span class='ocrx_word' id='word_1_140' title='bbox 1373 1609 1565 1637; x_wconf 81' lang='lat' dir='ltr'><strong>sermone</strong></span> <span class='ocrx_word' id='word_1_141' title='bbox 1598 1598 1639 1636; x_wconf 90' lang='lat' dir='ltr'><strong>in</strong></span> <span class='ocrx_word' id='word_1_142' title='bbox 1672 1598 1911 1649; x_wconf 87' lang='lat' dir='ltr'><strong>prophetico</strong></span> <span class='ocrx_word' id='word_1_143' title='bbox 1943 1608 2042 1649; x_wconf 89' lang='lat' dir='ltr'><strong>pec-</strong></span> 
     </span>
     <span class='ocr_line' id='line_1_19' title="bbox 211 1664 2043 1717; baseline 0 -11"><span class='ocrx_word' id='word_1_144' title='bbox 211 1670 304 1706; x_wconf 86' lang='lat' dir='ltr'><strong>cata</strong></span> <span class='ocrx_word' id='word_1_145' title='bbox 337 1667 571 1706; x_wconf 90' lang='lat' dir='ltr'><strong>elemosinis</strong></span> <span class='ocrx_word' id='word_1_146' title='bbox 603 1664 703 1706; x_wconf 91' lang='lat' dir='ltr'><strong>sacit</strong></span> <span class='ocrx_word' id='word_1_147' title='bbox 742 1667 961 1706; x_wconf 87' lang='lat' dir='ltr'><strong>redimere.</strong></span> <span class='ocrx_word' id='word_1_148' title='bbox 1001 1668 1142 1706; x_wconf 89' lang='lat' dir='ltr'><strong>sciens</strong></span> <span class='ocrx_word' id='word_1_149' title='bbox 1184 1670 1355 1706; x_wconf 90' lang='lat' dir='ltr'><strong>eternus</strong></span> <span class='ocrx_word' id='word_1_150' title='bbox 1396 1666 1448 1705; x_wconf 91' lang='lat' dir='ltr'><strong>ab</strong></span> <span class='ocrx_word' id='word_1_151' title='bbox 1494 1670 1639 1705; x_wconf 90' lang='lat' dir='ltr'><strong>eterno</strong></span> <span class='ocrx_word' id='word_1_152' title='bbox 1683 1666 1791 1717; x_wconf 90' lang='lat' dir='ltr'><strong>quod</strong></span> <span class='ocrx_word' id='word_1_153' title='bbox 1823 1666 1904 1705; x_wconf 89' lang='lat' dir='ltr'><strong>hiis</strong></span> <span class='ocrx_word' id='word_1_154' title='bbox 1941 1665 2043 1706; x_wconf 85' lang='lat' dir='ltr'><strong>datis</strong></span> 
     </span>
     <span class='ocr_line' id='line_1_20' title="bbox 209 1722 2044 1788; baseline 0 -15"><span class='ocrx_word' id='word_1_155' title='bbox 209 1734 355 1774; x_wconf 88' lang='lat' dir='ltr'><strong>munda</strong></span> <span class='ocrx_word' id='word_1_156' title='bbox 387 1738 481 1774; x_wconf 87' lang='lat' dir='ltr'><strong>sunt</strong></span> <span class='ocrx_word' id='word_1_157' title='bbox 523 1722 961 1774; x_wconf 49' lang='lat' dir='ltr'><strong>omniasdilectionem</strong></span> <span class='ocrx_word' id='word_1_158' title='bbox 999 1739 1181 1774; x_wconf 89' lang='lat' dir='ltr'><strong>uestram</strong></span> <span class='ocrx_word' id='word_1_159' title='bbox 1215 1734 1478 1785; x_wconf 84' lang='lat' dir='ltr'><strong>presentibus</strong></span> <span class='ocrx_word' id='word_1_160' title='bbox 1511 1745 1711 1788; x_wconf 80' lang='lat' dir='ltr'><strong>rogamus</strong></span> <span class='ocrx_word' id='word_1_161' title='bbox 1743 1745 1973 1774; x_wconf 87' lang='lat' dir='ltr'><strong>amonemus</strong></span> <span class='ocrx_word' id='word_1_162' title='bbox 2003 1736 2044 1773; x_wconf 83' lang='lat' dir='ltr'><strong>et</strong></span> 
     </span>
     <span class='ocr_line' id='line_1_21' title="bbox 210 1801 2042 1856; baseline -0.001 -14"><span class='ocrx_word' id='word_1_163' title='bbox 210 1802 474 1842; x_wconf 84' lang='lat' dir='ltr'><strong>exhortamur</strong></span> <span class='ocrx_word' id='word_1_164' title='bbox 514 1804 555 1841; x_wconf 92' lang='lat' dir='ltr'><strong>in</strong></span> <span class='ocrx_word' id='word_1_165' title='bbox 588 1803 748 1842; x_wconf 90' lang='lat' dir='ltr'><strong>domino</strong></span> <span class='ocrx_word' id='word_1_166' title='bbox 788 1803 829 1841; x_wconf 93' lang='lat' dir='ltr'><strong>in</strong></span> <span class='ocrx_word' id='word_1_167' title='bbox 861 1803 1146 1842; x_wconf 88' lang='lat' dir='ltr'><strong>remissionem</strong></span> <span class='ocrx_word' id='word_1_168' title='bbox 1186 1806 1450 1854; x_wconf 85' lang='lat' dir='ltr'><strong>peccatorum</strong></span> <span class='ocrx_word' id='word_1_169' title='bbox 1492 1802 1733 1856; x_wconf 88' lang='lat' dir='ltr'><strong>iniungens.</strong></span> <span class='ocrx_word' id='word_1_170' title='bbox 1775 1803 1963 1853; x_wconf 85' lang='lat' dir='ltr'><strong>quatinus</strong></span> <span class='ocrx_word' id='word_1_171' title='bbox 2001 1801 2042 1840; x_wconf 88' lang='lat' dir='ltr'><strong>iu</strong></span> 
     </span>
     <span class='ocr_line' id='line_1_22' title="bbox 210 1868 2041 1924; baseline -0.001 -16"><span class='ocrx_word' id='word_1_172' title='bbox 210 1870 381 1908; x_wconf 89' lang='lat' dir='ltr'><strong>salutem</strong></span> <span class='ocrx_word' id='word_1_173' title='bbox 418 1871 602 1909; x_wconf 90' lang='lat' dir='ltr'><strong>uiuorum</strong></span> <span class='ocrx_word' id='word_1_174' title='bbox 643 1873 685 1909; x_wconf 90' lang='lat' dir='ltr'><strong>et</strong></span> <span class='ocrx_word' id='word_1_175' title='bbox 723 1874 968 1910; x_wconf 89' lang='lat' dir='ltr'><strong>mortuorum</strong></span> <span class='ocrx_word' id='word_1_176' title='bbox 1008 1872 1122 1910; x_wconf 85' lang='lat' dir='ltr'><strong>circa</strong></span> <span class='ocrx_word' id='word_1_177' title='bbox 1160 1869 1333 1910; x_wconf 90' lang='lat' dir='ltr'><strong>seminas</strong></span> <span class='ocrx_word' id='word_1_178' title='bbox 1372 1871 1602 1924; x_wconf 89' lang='lat' dir='ltr'><strong>religiosas</strong></span> <span class='ocrx_word' id='word_1_179' title='bbox 1643 1870 1696 1909; x_wconf 92' lang='lat' dir='ltr'><strong>de</strong></span> <span class='ocrx_word' id='word_1_180' title='bbox 1736 1870 1852 1909; x_wconf 90' lang='lat' dir='ltr'><strong>domo</strong></span> <span class='ocrx_word' id='word_1_181' title='bbox 1884 1868 2041 1908; x_wconf 87' lang='lat' dir='ltr'><strong>nouella</strong></span> 
     </span>
     <span class='ocr_line' id='line_1_23' title="bbox 211 1936 2040 1989; baseline 0 -13"><span class='ocrx_word' id='word_1_182' title='bbox 211 1936 326 1977; x_wconf 71' lang='lat' dir='ltr'><strong>celle</strong></span> <span class='ocrx_word' id='word_1_183' title='bbox 356 1941 496 1976; x_wconf 73' lang='lat' dir='ltr'><strong>sancte</strong></span> <span class='ocrx_word' id='word_1_184' title='bbox 526 1939 668 1978; x_wconf 79' lang='lat' dir='ltr'><strong>Marie</strong></span> <span class='ocrx_word' id='word_1_185' title='bbox 698 1939 742 1977; x_wconf 78' lang='lat' dir='ltr'><strong>in</strong></span> <span class='ocrx_word' id='word_1_186' title='bbox 773 1939 968 1978; x_wconf 81' lang='lat' dir='ltr'><strong>Brunna.</strong></span> <span class='ocrx_word' id='word_1_187' title='bbox 1000 1939 1285 1978; x_wconf 84' lang='lat' dir='ltr'><strong>misericordie</strong></span> <span class='ocrx_word' id='word_1_188' title='bbox 1317 1938 1541 1978; x_wconf 86' lang='lat' dir='ltr'><strong>intendatis</strong></span> <span class='ocrx_word' id='word_1_189' title='bbox 1575 1939 1772 1989; x_wconf 90' lang='lat' dir='ltr'><strong>operibus</strong></span> <span class='ocrx_word' id='word_1_190' title='bbox 1805 1941 1846 1978; x_wconf 89' lang='lat' dir='ltr'><strong>et</strong></span> <span class='ocrx_word' id='word_1_191' title='bbox 1877 1938 1938 1976; x_wconf 90' lang='lat' dir='ltr'><strong>eis</strong></span> <span class='ocrx_word' id='word_1_192' title='bbox 1969 1947 2040 1987; x_wconf 86' lang='lat' dir='ltr'><strong>pro</strong></span> 
     </span>
     <span class='ocr_line' id='line_1_24' title="bbox 210 2004 2041 2061; baseline 0.001 -18"><span class='ocrx_word' id='word_1_193' title='bbox 210 2006 435 2056; x_wconf 87' lang='lat' dir='ltr'><strong>quantitate</strong></span> <span class='ocrx_word' id='word_1_194' title='bbox 476 2004 712 2045; x_wconf 84' lang='lat' dir='ltr'><strong>facultatum</strong></span> <span class='ocrx_word' id='word_1_195' title='bbox 752 2010 983 2046; x_wconf 86' lang='lat' dir='ltr'><strong>uestrarum</strong></span> <span class='ocrx_word' id='word_1_196' title='bbox 1024 2007 1273 2047; x_wconf 88' lang='lat' dir='ltr'><strong>elemosinas</strong></span> <span class='ocrx_word' id='word_1_197' title='bbox 1311 2008 1542 2061; x_wconf 82' lang='lat' dir='ltr'><strong>porrigatis</strong></span> <span class='ocrx_word' id='word_1_198' title='bbox 1584 2010 1629 2046; x_wconf 85' lang='lat' dir='ltr'><strong>ut</strong></span> <span class='ocrx_word' id='word_1_199' title='bbox 1666 2018 1742 2058; x_wconf 92' lang='lat' dir='ltr'><strong>per</strong></span> <span class='ocrx_word' id='word_1_200' title='bbox 1779 2018 1855 2046; x_wconf 90' lang='lat' dir='ltr'><strong>uos</strong></span> <span class='ocrx_word' id='word_1_201' title='bbox 1887 2006 2041 2058; x_wconf 87' lang='lat' dir='ltr'><strong>possint</strong></span> 
     </span>
     <span class='ocr_line' id='line_1_25' title="bbox 209 2071 2038 2129; baseline 0.001 -18"><span class='ocrx_word' id='word_1_202' title='bbox 209 2071 412 2123; x_wconf 86' lang='lat' dir='ltr'><strong>perficere</strong></span> <span class='ocrx_word' id='word_1_203' title='bbox 444 2076 734 2113; x_wconf 87' lang='lat' dir='ltr'><strong>monasterium</strong></span> <span class='ocrx_word' id='word_1_204' title='bbox 766 2075 1000 2114; x_wconf 86' lang='lat' dir='ltr'><strong>inchoatum</strong></span> <span class='ocrx_word' id='word_1_205' title='bbox 1032 2075 1084 2114; x_wconf 89' lang='lat' dir='ltr'><strong>ad</strong></span> <span class='ocrx_word' id='word_1_206' title='bbox 1117 2075 1343 2114; x_wconf 88' lang='lat' dir='ltr'><strong>conditoris</strong></span> <span class='ocrx_word' id='word_1_207' title='bbox 1376 2076 1568 2129; x_wconf 87' lang='lat' dir='ltr'><strong>gloriam.</strong></span> <span class='ocrx_word' id='word_1_208' title='bbox 1601 2078 1642 2115; x_wconf 93' lang='lat' dir='ltr'><strong>et</strong></span> <span class='ocrx_word' id='word_1_209' title='bbox 1672 2086 1747 2115; x_wconf 90' lang='lat' dir='ltr'><strong>uos</strong></span> <span class='ocrx_word' id='word_1_210' title='bbox 1779 2075 1830 2114; x_wconf 91' lang='lat' dir='ltr'><strong>de</strong></span> <span class='ocrx_word' id='word_1_211' title='bbox 1861 2085 2038 2114; x_wconf 85' lang='lat' dir='ltr'><strong>mamona</strong></span> 
     </span>
     <span class='ocr_line' id='line_1_26' title="bbox 209 2142 2038 2195; baseline 0.001 -16"><span class='ocrx_word' id='word_1_212' title='bbox 209 2142 292 2180; x_wconf 86' lang='lat' dir='ltr'><strong>uite</strong></span> <span class='ocrx_word' id='word_1_213' title='bbox 324 2143 532 2192; x_wconf 89' lang='lat' dir='ltr'><strong>presentis</strong></span> <span class='ocrx_word' id='word_1_214' title='bbox 572 2143 612 2181; x_wconf 90' lang='lat' dir='ltr'><strong>in</strong></span> <span class='ocrx_word' id='word_1_215' title='bbox 646 2143 755 2182; x_wconf 91' lang='lat' dir='ltr'><strong>obitu</strong></span> <span class='ocrx_word' id='word_1_216' title='bbox 787 2146 931 2182; x_wconf 87' lang='lat' dir='ltr'><strong>uestro</strong></span> <span class='ocrx_word' id='word_1_217' title='bbox 971 2145 1011 2182; x_wconf 92' lang='lat' dir='ltr'><strong>in</strong></span> <span class='ocrx_word' id='word_1_218' title='bbox 1045 2147 1191 2183; x_wconf 87' lang='lat' dir='ltr'><strong>eterna</strong></span> <span class='ocrx_word' id='word_1_219' title='bbox 1234 2144 1487 2195; x_wconf 87' lang='lat' dir='ltr'><strong>recipiamini</strong></span> <span class='ocrx_word' id='word_1_220' title='bbox 1518 2144 1789 2183; x_wconf 87' lang='lat' dir='ltr'><strong>tabernacula</strong></span> <span class='ocrx_word' id='word_1_221' title='bbox 1820 2144 2038 2182; x_wconf 90' lang='lat' dir='ltr'><strong>beatorum.</strong></span> 
     </span>
     <span class='ocr_line' id='line_1_27' title="bbox 209 2209 2039 2266; baseline 0 -18"><span class='ocrx_word' id='word_1_222' title='bbox 209 2209 296 2248; x_wconf 91' lang='lat' dir='ltr'><strong>Nos</strong></span> <span class='ocrx_word' id='word_1_223' title='bbox 337 2221 438 2250; x_wconf 91' lang='lat' dir='ltr'><strong>uero</strong></span> <span class='ocrx_word' id='word_1_224' title='bbox 484 2214 798 2265; x_wconf 89' lang='lat' dir='ltr'><strong>cognoscentes</strong></span> <span class='ocrx_word' id='word_1_225' title='bbox 845 2211 954 2264; x_wconf 84' lang='lat' dir='ltr'><strong>quod</strong></span> <span class='ocrx_word' id='word_1_226' title='bbox 995 2213 1103 2251; x_wconf 84' lang='lat' dir='ltr'><strong>sicut</strong></span> <span class='ocrx_word' id='word_1_227' title='bbox 1141 2223 1249 2264; x_wconf 87' lang='lat' dir='ltr'><strong>aqua</strong></span> <span class='ocrx_word' id='word_1_228' title='bbox 1296 2213 1439 2266; x_wconf 89' lang='lat' dir='ltr'><strong>ignem</strong></span> <span class='ocrx_word' id='word_1_229' title='bbox 1486 2213 1542 2252; x_wconf 90' lang='lat' dir='ltr'><strong>ita</strong></span> <span class='ocrx_word' id='word_1_230' title='bbox 1581 2216 1797 2263; x_wconf 90' lang='lat' dir='ltr'><strong>peccatum</strong></span> <span class='ocrx_word' id='word_1_231' title='bbox 1837 2210 2039 2264; x_wconf 89' lang='lat' dir='ltr'><strong>extinguit</strong></span> 
     </span>
     <span class='ocr_line' id='line_1_28' title="bbox 211 2276 2038 2332; baseline 0 -17"><span class='ocrx_word' id='word_1_232' title='bbox 211 2276 446 2317; x_wconf 90' lang='lat' dir='ltr'><strong>elemosina.</strong></span> <span class='ocrx_word' id='word_1_233' title='bbox 486 2279 538 2318; x_wconf 92' lang='lat' dir='ltr'><strong>de</strong></span> <span class='ocrx_word' id='word_1_234' title='bbox 577 2280 864 2330; x_wconf 85' lang='lat' dir='ltr'><strong>omnipotentis</strong></span> <span class='ocrx_word' id='word_1_235' title='bbox 908 2280 1194 2331; x_wconf 84' lang='lat' dir='ltr'><strong>misericordia</strong></span> <span class='ocrx_word' id='word_1_236' title='bbox 1234 2281 1419 2320; x_wconf 89' lang='lat' dir='ltr'><strong>omnibus</strong></span> <span class='ocrx_word' id='word_1_237' title='bbox 1459 2281 1527 2332; x_wconf 92' lang='lat' dir='ltr'><strong>qui</strong></span> <span class='ocrx_word' id='word_1_238' title='bbox 1569 2281 1767 2331; x_wconf 88' lang='lat' dir='ltr'><strong>predictis</strong></span> <span class='ocrx_word' id='word_1_239' title='bbox 1807 2278 2038 2318; x_wconf 88' lang='lat' dir='ltr'><strong>dominabus</strong></span> 
     </span>
     <span class='ocr_line' id='line_1_29' title="bbox 211 2345 2037 2403; baseline 0 -20"><span class='ocrx_word' id='word_1_240' title='bbox 211 2348 253 2382; x_wconf 90' lang='lat' dir='ltr'><strong>et</strong></span> <span class='ocrx_word' id='word_1_241' title='bbox 291 2345 421 2385; x_wconf 91' lang='lat' dir='ltr'><strong>domui</strong></span> <span class='ocrx_word' id='word_1_242' title='bbox 468 2347 508 2386; x_wconf 90' lang='lat' dir='ltr'><strong>in</strong></span> <span class='ocrx_word' id='word_1_243' title='bbox 547 2358 792 2400; x_wconf 89' lang='lat' dir='ltr'><strong>quocunque</strong></span> <span class='ocrx_word' id='word_1_244' title='bbox 838 2348 1110 2388; x_wconf 87' lang='lat' dir='ltr'><strong>subuenerint</strong></span> <span class='ocrx_word' id='word_1_245' title='bbox 1148 2349 1324 2403; x_wconf 87' lang='lat' dir='ltr'><strong>triginta</strong></span> <span class='ocrx_word' id='word_1_246' title='bbox 1373 2349 1462 2388; x_wconf 90' lang='lat' dir='ltr'><strong>dies</strong></span> <span class='ocrx_word' id='word_1_247' title='bbox 1502 2348 1763 2402; x_wconf 90' lang='lat' dir='ltr'><strong>indulgentie</strong></span> <span class='ocrx_word' id='word_1_248' title='bbox 1804 2356 2037 2400; x_wconf 87' lang='lat' dir='ltr'><strong>erogamus.</strong></span> 
     </span>
    </p>
   </div>
   <div class='ocr_carea' id='block_1_7' title="bbox 212 2411 2035 2532">
    <p class='ocr_par' dir='ltr' id='par_1_7' title="bbox 212 2411 2035 2532">
     <span class='ocr_line' id='line_1_30' title="bbox 212 2411 2035 2468; baseline 0.001 -19"><span class='ocrx_word' id='word_1_249' title='bbox 212 2411 360 2451; x_wconf 86' lang='lat' dir='ltr'><strong>Datum</strong></span> <span class='ocrx_word' id='word_1_250' title='bbox 409 2425 516 2453; x_wconf 87' lang='lat' dir='ltr'><strong>anno</strong></span> <span class='ocrx_word' id='word_1_251' title='bbox 566 2417 704 2468; x_wconf 87' lang='lat' dir='ltr'><strong>gratie</strong></span> <span class='ocrx_word' id='word_1_252' title='bbox 753 2416 806 2456; x_wconf 87' lang='lat' dir='ltr'><strong>ab</strong></span> <span class='ocrx_word' id='word_1_253' title='bbox 853 2417 1139 2457; x_wconf 86' lang='lat' dir='ltr'><strong>incarnatione</strong></span> <span class='ocrx_word' id='word_1_254' title='bbox 1186 2417 1334 2458; x_wconf 89' lang='lat' dir='ltr'><strong>domini</strong></span> <span class='ocrx_word' id='word_1_255' title='bbox 1380 2415 1712 2459; x_wconf 84' lang='lat' dir='ltr'><strong>MCCXLVIII.</strong></span> <span class='ocrx_word' id='word_1_256' title='bbox 1774 2413 2035 2455; x_wconf 81' lang='lat' dir='ltr'><strong>Pontificatus</strong></span> 
     </span>
     <span class='ocr_line' id='line_1_31' title="bbox 213 2480 650 2532; baseline 0.009 -15"><span class='ocrx_word' id='word_1_257' title='bbox 213 2480 342 2518; x_wconf 85' lang='lat' dir='ltr'><strong>nostri</strong></span> <span class='ocrx_word' id='word_1_258' title='bbox 373 2492 479 2520; x_wconf 90' lang='lat' dir='ltr'><strong>anno</strong></span> <span class='ocrx_word' id='word_1_259' title='bbox 512 2483 650 2532; x_wconf 84' lang='lat' dir='ltr'><strong>primo.</strong></span> 
     </span>
    </p>
   </div>
   <div class='ocr_carea' id='block_1_8' title="bbox 518 2570 1367 2613">
    <p class='ocr_par' dir='ltr' id='par_1_8' title="bbox 518 2570 1367 2613">
     <span class='ocr_line' id='line_1_32' title="bbox 518 2570 1367 2613; baseline 0.007 -13"><span class='ocrx_word' id='word_1_260' title='bbox 518 2570 570 2601; x_wconf 81' lang='lat' dir='ltr'><strong>Ex</strong></span> <span class='ocrx_word' id='word_1_261' title='bbox 593 2573 782 2613; x_wconf 79' lang='lat' dir='ltr'><strong>originali</strong></span> <span class='ocrx_word' id='word_1_262' title='bbox 807 2575 835 2604; x_wconf 91' lang='lat' dir='ltr'><strong>in</strong></span> <span class='ocrx_word' id='word_1_263' title='bbox 859 2574 993 2604; x_wconf 77' lang='lat' dir='ltr'><strong>archivo</strong></span> <span class='ocrx_word' id='word_1_264' title='bbox 1018 2573 1054 2604; x_wconf 65' lang='lat' dir='ltr'><strong>S.</strong></span> <span class='ocrx_word' id='word_1_265' title='bbox 1077 2574 1109 2605; x_wconf 87' lang='lat' dir='ltr'><strong>J.</strong></span> <span class='ocrx_word' id='word_1_266' title='bbox 1134 2574 1367 2606; x_wconf 84' lang='lat' dir='ltr'><strong>Brnnensis.</strong></span> 
     </span>
    </p>
   </div>
  </div>
 </body>
</html>
