2155 2928
239 320 362 358 batis
426 318 586 366 Quodsi
635 327 739 356 vero
779 328 860 355 non
900 326 1042 354 omnes
1090 314 1155 352 his
1202 311 1465 363 exequendis
1506 312 1724 362 potueritis
1766 312 1990 367 interesse,
2028 317 2083 369 tu,

241 386 372 427 frater
404 387 617 438 episcope7
651 397 739 424 cum
773 395 913 423 eorum
945 383 1076 421 altero
1104 393 1156 420 ea
1189 381 1473 419 nichilominus
1498 381 1737 431 exequaris.
1778 380 1929 420 Datum
1960 381 2085 437 Lug-

242 456 335 495 duni
372 455 425 494 V.
458 455 552 494 idus
585 454 743 493 Martii.
805 450 1078 491 Pontiticatus
1112 450 1243 488 nostri
1275 459 1384 486 anno
1417 448 1619 487 secundo.

549 544 603 575 Ex
627 542 763 574 eodem
787 539 1140 581 Regesto—epist.
1164 536 1255 569 384.
1274 556 1313 560 —
1332 537 1451 569 Bulla
1473 536 1733 579 autographa
1755 537 1787 569 in
1804 537 1895 570 arch.
1919 538 2084 580 capituli

653 593 933 624 olomucensis
957 589 1164 622 adservatur.

1077 704 1241 745 LXVI.

241 803 358 843 Idem
391 801 544 842 eisdem
576 798 758 850 mandat,
790 800 836 837 ut
866 797 1067 839 Conrado
1099 799 1296 850 episeopo
1334 796 1385 837 ab
1417 796 1779 837 administratione
1808 797 2085 850 spiritualium

241 875 280 910 el
309 870 596 923 tenaeporalium
627 878 846 918 suspenso,
880 865 987 905 bona
1019 868 1284 918 episcopatus
1325 866 1618 906 Olomucensis
1658 867 1905 905 conservari
1935 870 2085 908 curent.

695 936 767 974 Dc.
799 934 1019 986 Luydimi,
1060 934 1106 975 V.
1138 935 1243 974 Idus
1275 935 1438 985 Martii,
1479 933 1629 973 1245.

412 1008 693 1068 Innocentius
733 1025 957 1074 episcopus
997 1035 1150 1063 seruus
1190 1035 1406 1069 seruorum
1448 1024 1528 1063 dei.
1591 1022 1840 1062 Venerabili
1881 1021 1998 1063 fratri
2034 1051 2045 1064 .
2075 1053 2085 1065 .

243 1097 439 1146 episeopo
464 1093 693 1145 l’ragensi‚
719 1097 760 1130 et
787 1092 949 1131 dilectis
974 1091 1065 1130 filiis
1092 1121 1102 1130 .
1128 1121 1138 1131 .
1165 1093 1457 1154 Breunoyensi
1485 1095 1527 1130 et
1558 1090 1825 1144 Gradicensi,
1852 1091 2086 1145 Pragensis

241 1168 282 1203 et
322 1162 608 1202 Olomueensis
649 1161 844 1213 diocesis7
884 1160 1106 1200 abbatibus
1146 1161 1320 1200 salutem
1361 1164 1404 1200 et
1442 1160 1708 1210 apostolicam
1748 1160 2085 1201 benedictionem.

240 1230 560 1282 Exponentibus
593 1241 733 1268 coram
765 1229 884 1267 nobis
922 1229 954 1268 1.
988 1229 1165 1283 decano⁷
1205 1231 1254 1269 B.
1287 1228 1598 1278 archidiacono,
1641 1231 1683 1267 et
1713 1228 1919 1281 magistro
1951 1229 1983 1267 Ι.
2015 1239 2087 1268 ca-

242 1301 390 1339 nonico
438 1302 479 1337 et
517 1300 790 1349 procuratore
839 1296 1128 1337 olomucensis
1175 1297 1375 1350 ecclesie,
1418 1296 1527 1347 quod
1576 1295 1816 1346 Conradus,
1865 1297 2087 1336 canonicus

240 1367 550 1417 Ildesemensis,
583 1377 658 1416 pro
694 1376 759 1418 eo7
793 1364 899 1416 quod
939 1365 981 1404 in
1014 1364 1330 1405 Olomucensem
1364 1365 1585 1404 ecclesiam
1626 1365 1915 1414 procurauerit
1946 1375 1994 1403 se
2026 1365 2087 1404 in-
2150 1366 2151 1376 ¹

240 1436 363 1488 trudi7
397 1440 438 1474 et
477 1446 524 1473 se
559 1435 674 1487 gerit
708 1445 780 1484 pro
821 1434 1020 1484 episcopo
1062 1434 1103 1472 in
1136 1433 1296 1485 eadem,
1338 1431 1412 1472 fuit
1454 1434 1704 1472 auctoritate
1744 1435 1890 1471 nostra
1929 1433 2087 1486 citatus,

241 1508 285 1544 ut
317 1508 459 1542 nostro
485 1514 533 1541 se
566 1503 810 1552 conspectui
835 1513 910 1553 per
942 1513 991 1541 se
1016 1502 1083 1540 uel
1110 1505 1421 1552 procuratorem
1448 1501 1638 1540 idoneum
1662 1503 1942 1554 presentaret,
1967 1511 2088 1551 super
2146 1517 2147 1520 ¹

241 1572 321 1612 hiis
354 1571 579 1611 secundum
612 1571 805 1609 iustitiam
841 1581 1136 1620 responsurus.
1184 1570 1341 1608 Verum
1375 1581 1464 1608 cum
1498 1569 1648 1608 diutius
1682 1571 1956 1619 exspectatus
1988 1579 2087 1607 con-

242 1641 457 1691 tempserit
489 1650 750 1692 comparere7
775 1650 850 1677 nos
883 1638 1164 1688 indempnitati
1197 1637 1382 1678 eiusdem
1416 1637 1599 1677 ecclesie
1626 1648 1858 1687 precauere
1890 1636 2087 1691 uolentes,
2144 1643 2146 1647 ’

242 1720 332 1748 eam
372 1711 414 1747 et
452 1704 592 1747 domos
632 1707 762 1757 ipsius
803 1718 893 1745 cum
936 1707 1055 1745 bonis
1096 1707 1296 1760 omnibus⁷
1337 1717 1417 1756 que
1459 1706 1510 1745 ad
1552 1707 1682 1756 ipsam
1723 1708 1764 1745 et
1811 1705 2088 1756 episcopatum
2144 1699 2145 1702 ¹

241 1777 464 1829 pertinent,
497 1775 818 1828 sequestranda,
859 1778 901 1814 et
934 1774 1161 1825 predictum
1194 1772 1431 1815 Conradum
1473 1778 1644 1825 propter
1675 1774 1956 1824 suspicionem
1988 1772 2087 1812 dila-

243 1845 463 1896 pidationis
496 1856 546 1883 ac
572 1842 776 1883 infamiam
808 1844 1049 1882 intrusionis
1076 1847 1205 1882 ortam
1238 1843 1290 1882 de
1316 1844 1421 1896 ipso7
1455 1846 1496 1882 et
1521 1853 1573 1881 ne
1605 1841 1845 1881 scandalum
1877 1842 1919 1880 in
1951 1840 2088 1880 eodem
2140 1893 2141 1896 Ἴ

243 1914 416 1965 populus
451 1913 599 1952 domini
632 1913 827 1965 patiatur,
861 1912 913 1950 ab
947 1911 1302 1951 administratione
1327 1911 1595 1962 spiritualium
1629 1914 1672 1950 et
1702 1910 1982 1961 temporalium
2015 1909 2087 1949 du·
2140 1908 2141 1913 ’

243 1983 376 2021 ximus
423 1981 775 2032 suspendendum.
839 1979 1024 2031 Ideoque
1073 1980 1314 2019 discretioni
1361 1984 1506 2018 uestre
1546 1990 1621 2030 per
1666 1979 1898 2029 apostolica
1938 1978 2088 2029 scripta

243 2050 493 2104 mandamus,
535 2050 728 2101 quatinus
771 2048 912 2087 domos
952 2052 993 2087 et
1032 2048 1141 2087 bona
1182 2049 1274 2098 ipsa
1323 2049 1572 2087 auctoritate
1614 2051 1759 2086 nostra
1797 2047 2003 2100 recipere,
2041 2055 2087 2085 ac

245 2119 472 2172 diligenter
518 2129 776 2158 conseruare
824 2118 995 2171 curetis,
1034 2128 1168 2167 usque
1215 2116 1267 2155 ad
1317 2120 1459 2155 nostre
1507 2115 1808 2166 beneplacitum
1854 2114 2087 2166 voluntatis

245 2187 578 2226 contradictores
631 2198 706 2237 per
752 2197 973 2225 censuram
1012 2185 1344 2224 ecclesiasticam
1384 2184 1663 2235 appellatione
1711 2183 1942 2234 postposita
1981 2193 2087 2221 com-

247 2255 471 2305 pescendo.
518 2254 677 2303 Quodsi
704 2266 785 2293 non
812 2265 955 2293 omnes
980 2253 1059 2292 hiis
1083 2252 1346 2304 exequendis
1380 2253 1594 2303 potueritis
1623 2253 1846 2304 interesse,
1878 2254 1934 2304 tu⁷
1966 2248 2088 2289 frater

247 2323 458 2375 episcope,
494 2335 582 2362 cum
617 2334 757 2363 eorum
797 2323 927 2362 altero
976 2333 1029 2361 ea
1069 2322 1355 2361 nichilominus
1397 2321 1640 2372 exequaris.
1702 2320 1855 2359 Datum
1894 2315 2086 2373 Lugduni

247 2389 302 2427 V.
335 2390 433 2429 Idus
465 2391 621 2430 Martii.
654 2389 926 2430 Pontificatus
959 2391 1090 2429 nostrl
1124 2402 1233 2429 anno
1267 2389 1466 2429 seeundo.

557 2481 609 2511 Ex
635 2482 824 2521 originali
849 2482 878 2511 111
903 2481 991 2512 arch.
1023 2481 1198 2521 capituli
1230 2478 1534 2519 Oloniucensisj.
1563 2487 1687 2509 necnon
1717 2486 1735 2508 e
1765 2477 1949 2519 Regesto
1979 2476 2087 2508 luno·
2128 2514 2129 2518 Ἰ

661 2534 785 2562 centii
818 2533 872 2563 lv.
902 2533 975 2563 anni
1000 2533 1042 2563 11.
1069 2534 1163 2573 epist.
1187 2530 1277 2563 385.
1309 2533 1340 2562 111
1364 2530 1530 2562 tabulariis
1560 2530 1791 2561 Vaticanis.
1820 2547 1863 2552 -
1890 2528 1974 2560 Exc.
2003 2524 2088 2558 dedit

661 2583 823 2614 Dobner
846 2585 875 2614 111
899 2583 991 2615 Mon.
1015 2586 1087 2615 tom.
1114 2583 1172 2615 vl.
