2155 2928
1093 199 1159 237 92

211 345 554 385 consecrationes
585 342 769 382 altarium
800 350 877 379 seu
908 337 1182 378 basilicarum.
1215 335 1531 375 benedictiones
1571 337 1864 375 canonicarum
1895 348 1920 376 a
1951 337 2041 377 dio-

211 424 369 451 cesano
403 411 641 461 suscipietis
664 409 885 459 Episcopo.
918 404 1116 455 siquidem
1149 403 1378 442 catholicus
1403 401 1540 442 fuerit.
1574 406 1615 442 et
1646 404 1824 456 gratiam
1858 406 1899 442 et
1930 415 2041 444 com-

210 481 436 519 munionem
475 480 748 516 sacrosancte
790 476 974 513 Romane
1015 472 1130 511 sedis
1170 470 1363 509 habuerit
1409 474 1450 509 et
1489 481 1540 509 ea
1579 470 1698 509 uobis
1737 471 1914 510 uoluerit
1950 472 2040 513 sine

209 548 411 598 prauitate
451 546 587 596 aliqua
628 543 843 583 exhibere.
907 539 1177 579 Prohibemus
1224 539 1396 588 insuper
1442 540 1486 576 ut
1533 536 1639 576 infra
1680 536 1784 577 fines
1822 539 2040 589 parrochie

209 620 351 653 uestre
385 614 516 652 nullus
549 614 640 651 sine
672 621 850 649 assensu
875 607 1087 646 diocesani
1118 606 1319 661 Epis-copi
1352 609 1394 644 et
1423 608 1567 644 uestro
1601 605 1802 656 capellam
1833 617 1910 644 seu
1941 617 2039 646 ora-

210 684 351 721 torium
386 682 437 720 de
470 692 575 718 nouo
601 682 844 717 construere
877 674 1028 713 audeat
1059 674 1188 712 saluis
1213 673 1448 726 priuilegiis
1481 671 1720 712 Pontificum
1752 674 2038 714 Romanorum.

209 750 277 789 Ad
317 750 394 787 hec
435 760 564 786 nouas
611 750 651 785 et
691 744 895 783 indebitas
941 742 1188 780 exactiones
1235 741 1288 780 ab
1330 741 1675 791 Archiepiscopis
1723 743 1765 780 et
1806 741 2039 792 Episcopis.

208 816 528 856 Arcliidiaconis
567 825 642 852 seu
689 811 874 850 Decanis
915 810 1090 860 aliisque
1139 810 1324 848 omnibus
1374 809 1677 848 ecclesiasticis
1726 809 2040 849 secularibusue

208 885 397 935 personis
430 895 455 921 a
487 882 604 920 uobis
637 879 795 918 omnino
836 877 923 916 fieri
956 878 1234 928 prohibemus.
1296 877 1560 928 Sepulturam
1600 888 1762 928 quoque
1802 877 1932 927 ipsius
1963 877 2040 917 loci

207 952 375 990 liberam
416 960 512 988 esse
546 948 804 986 decernimus
844 949 886 984 ut
919 957 1059 984 eorum
1100 946 1307 985 deuotioni
1341 948 1382 984 et
1423 949 1610 984 extreme
1650 945 1850 984 uoluntati
1889 945 1957 996 qui
1993 955 2040 984 se

205 1020 286 1058 illic
319 1018 485 1067 sepeliri
518 1015 852 1055 deliberauerint.
886 1014 964 1052 nisi
996 1012 1103 1052 sorte
1137 1013 1477 1053 excommunicati
1509 1013 1576 1052 uel
1609 1013 1816 1052 interdicti
1847 1013 1941 1052 sint.
1973 1015 2042 1053 aut

207 1087 324 1125 etiam
357 1084 517 1134 publice
557 1082 749 1120 usurarii.
783 1081 916 1119 nullus
959 1081 1148 1120 obsistat.
1181 1082 1298 1120 salua
1337 1084 1473 1120 tamen
1505 1081 1669 1120 iusticia
1710 1081 1869 1119 illarum
1900 1080 2041 1120 eccle-

205 1153 355 1192 siarum
405 1163 429 1189 a
477 1150 623 1200 quibus
671 1153 917 1188 mortuorum
963 1161 1140 1200 corpora
1187 1152 1462 1187 assumuntur.
1525 1148 1726 1187 Decimas
1766 1152 1962 1199 preterea
2001 1151 2042 1188 et

206 1218 500 1270 possessiones
541 1217 593 1255 ad
632 1218 695 1257 ius
735 1217 1007 1256 ecclesiarum
1048 1220 1283 1256 uestrarum
1321 1219 1565 1267 spectantes
1609 1227 1689 1267 que
1729 1228 1753 1255 a
1785 1216 1903 1255 laicis
1936 1215 2042 1256 deti-

205 1291 364 1326 nentur.
398 1285 622 1323 1·e‹limendi
655 1288 696 1323 et
728 1285 914 1338 legitime
947 1284 1150 1323 liberandi
1184 1284 1235 1322 de
1269 1284 1458 1323 manibus
1491 1295 1645 1323 eorum.
1679 1287 1721 1323 et
1752 1284 1803 1322 ad
1838 1283 2042 1323 ecclesias

204 1354 255 1394 ad
290 1365 391 1404 quas
424 1354 630 1403 pertinent
659 1353 898 1391 reuocandi.
931 1353 1063 1391 libera
1089 1353 1142 1391 sit
1174 1353 1294 1390 uobis
1328 1352 1379 1391 de
1402 1356 1545 1391 nostra
1577 1352 1824 1390 auctoritate
1856 1349 2041 1391 facultas.

206 1421 393 1461 Obeunte
434 1432 535 1459 uero
574 1424 615 1459 te
657 1432 765 1459 nunc
799 1420 983 1459 eiusdem
1025 1421 1105 1459 loci
1145 1421 1355 1459 Priorissa
1395 1420 1463 1458 uel
1503 1430 1645 1459 earum
1685 1420 1823 1470 aliqua
1862 1430 1942 1470 que
1973 1419 2042 1458 tibi

206 1489 472 1528 successerit.
506 1488 614 1527 nulla
647 1488 701 1526 ibi
735 1488 918 1539 qualibet
950 1488 1224 1539 surreptionis
1267 1488 1418 1527 astutia
1452 1499 1529 1527 seu
1567 1488 1762 1526 uiolentia
1795 1491 2044 1538 preponatur

206 1558 285 1596 nisi
319 1568 434 1607 quam
468 1567 638 1595 sorores
671 1557 869 1595 communi
902 1567 1113 1594 consensu
1153 1556 1219 1594 uel
1252 1568 1440 1595 sororum
1478 1556 1608 1595 maior
1639 1567 1740 1606 pars
1779 1555 1940 1594 consilii
1971 1566 2042 1594 sa-

208 1626 335 1663 nioris
367 1624 592 1663 secundum
632 1624 750 1663 deum
784 1628 825 1663 et
856 1624 966 1663 beati
1009 1625 1225 1678 augustini
1267 1624 1461 1678 regulam
1498 1624 1755 1674 prouiderint
1793 1623 2041 1676 eligendam.

206 1692 308 1731 Paci
342 1704 501 1743 quoque
544 1696 584 1731 et
616 1692 899 1742 tranquillitati
931 1695 1074 1730 uestre
1114 1696 1288 1742 paterna
1321 1693 1361 1730 in
1394 1695 1602 1742 posterum
1642 1691 1915 1730 sollicitudine
1948 1702 2043 1742 pro-

206 1760 349 1798 uidere
381 1760 583 1798 uolentes.
616 1761 863 1799 auctoritate
897 1760 1125 1810 apostolica
1159 1760 1435 1810 prohibemus.
1468 1762 1511 1798 ut
1543 1757 1649 1797 insra
1682 1759 1899 1797 clausuras
1930 1759 2044 1798 loco-

208 1840 293 1866 rum
332 1840 407 1867 seu
448 1830 727 1881 grangiarum
767 1832 1000 1867 uestrorum
1032 1828 1166 1866 nullus
1205 1828 1388 1878 rapinam
1427 1838 1506 1866 seu
1537 1825 1684 1866 furtum
1716 1825 1872 1866 facere.
1906 1828 2043 1881 ignem

209 1906 431 1945 apponere.
466 1898 714 1949 sanguinem
747 1894 935 1935 sundere.
968 1896 1168 1934 hominem
1199 1899 1357 1935 temere
1399 1906 1555 1945 capere
1588 1895 1657 1934 uel
1688 1893 1938 1934 interficere.
1970 1905 2044 1934 seu

209 1964 441 2002 uiolentiam
488 1964 637 2002 audeat
685 1975 907 2003 exercere.
975 1964 1181 2003 Preterea
1229 1975 1370 2002 omnes
1423 1963 1639 2002 libertates
1688 1966 1730 2001 et
1776 1963 2043 2002 immunitates

211 2043 234 2069 a
268 2031 637 2080 predecessoribus
677 2033 830 2070 nostris
863 2032 1060 2070 Romanis
1098 2029 1368 2070 Pontificibus
1410 2030 1593 2069 ecclesie
1626 2034 1771 2070 uestre
1803 2040 2043 2069 concessas.

211 2109 288 2136 nec
327 2110 408 2136 non
448 2099 661 2138 libertates
703 2104 745 2138 et
785 2100 1073 2150 exemptiones
1114 2099 1363 2138 secularium
1404 2099 1667 2138 exactionum
1707 2110 1732 2137 a
1771 2098 1967 2152 Regibus
2005 2100 2045 2136 et

210 2165 470 2217 Principibus
493 2168 559 2206 uel
586 2168 677 2206 aliis
701 2166 886 2206 fidelibus
910 2167 1209 2206 rationabiliter
1240 2167 1360 2206 uobis
1388 2167 1568 2206 indultas
1601 2167 1847 2205 auctoritate
1875 2169 2043 2216 aposto-

212 2233 289 2271 lica
322 2232 616 2273 confirmamus.
651 2239 691 2274 et
723 2237 933 2285 presentis
966 2236 1110 2285 scripti
1142 2235 1367 2288 priuilegio
1409 2235 1710 2274 communimus.
1772 2234 2043 2273 Decet-nimus

215 2311 321 2353 ergo
355 2305 397 2340 ut
430 2303 525 2341 nulli
558 2303 717 2342 omnino
742 2304 943 2342 hominum
974 2304 1099 2342 liceat
1124 2301 1324 2353 prefatam
1357 2303 1581 2341 ecclesiam
1613 2306 1770 2342 temere
1801 2301 2044 2352 perturbare

216 2372 283 2405 aut
315 2369 402 2406 eius
435 2371 726 2420 possessiones
759 2369 939 2410 auferre.
963 2372 1031 2410 uel
1063 2371 1224 2410 ablatas
1259 2371 1444 2410 retinere
1477 2371 1660 2410 minuere
1693 2381 1770 2409 seu
1802 2368 2046 2421 quibuslibet

217 2436 506 2475 uexationibus
538 2436 734 2491 fatigare.
777 2439 853 2478 sed
886 2440 1017 2478 omnia
1059 2441 1228 2492 integra
1261 2442 1565 2478 conseruentur
1605 2449 1743 2478 earum
1775 2449 1850 2489 pro
1883 2448 2046 2488 quarum

224 2501 527 2552 gubernatione
566 2517 616 2544 ac
657 2509 960 2546 sustentatione
993 2518 1199 2546 concessa
1241 2511 1336 2546 sunt
1372 2507 1516 2546 usibus
1556 2505 1792 2545 omnimodis
1825 2502 2044 2556 profutura.

226 2566 340 2606 salua
372 2570 484 2607 sedis
524 2573 748 2621 apostolice
787 2576 1033 2614 auctoritate
1072 2580 1114 2614 et
1153 2575 1367 2615 diocesani
1406 2574 1605 2626 Episcopi
1643 2574 1847 2614 canonica
1884 2571 2046 2612 iustitia.
