2155 2928
920 198 986 239 67

37 350 132 389 item
173 347 253 387 duo
294 345 468 386 macella
507 349 549 384 et
587 342 741 382 curiam
779 352 899 381 unam
937 340 979 378 in
1018 335 1251 379 Cunisuetd
1287 339 1329 376 et
1366 347 1488 374 unum
1527 334 1797 374 molendinum
1836 334 1878 373 in

34 417 200 466 antiqua
235 415 415 453 Brunna
455 416 497 452 et
529 411 632 451 duos
671 410 817 449 laneos
849 408 890 447 in
921 406 1154 447 Poherlicz
1195 409 1236 444 et
1268 404 1415 456 omnia,
1449 413 1529 454 que
1561 401 1689 441 habet
1721 401 1876 440 ciuitati

37 484 271 524 adiacentia
302 483 344 521 in
376 482 502 534 areis,
536 479 680 531 pratis,
719 477 820 517 ortis
854 478 1071 527 pretaxato
1113 474 1296 513 claustro
1338 472 1509 512 contulit
1550 471 1591 509 in
1631 470 1764 508 anime
1802 481 1878 509 sue

36 551 257 591 remedium
289 554 331 589 et
363 549 548 588 salutem.
587 547 653 586 Ne
686 546 776 596 quis
809 548 942 583 autem
975 542 1083 582 hanc
1117 542 1397 594 donacionem,
1431 551 1551 591 quam
1583 539 1663 588 ipsi
1696 538 1879 576 claustro

38 618 302 671 presentibus
335 616 631 668 confirmamus,
670 613 875 653 uiolenter
912 613 1124 662 presumat
1162 608 1413 663 infringere,
1452 607 1521 647 uel
1553 611 1594 646 et
1627 606 1738 656 [sic]
1772 616 1879 644 ausu

36 687 257 727 temerario
298 685 506 724 contraire
553 683 631 722 sub
672 680 945 720 anathematis
985 679 1320 718 interminacione
1368 676 1594 717 districtius
1636 674 1881 713 inhibemus.

35 755 86 794 In
116 765 258 793 uerum
283 754 403 792 etiam
436 753 556 791 huius
583 749 824 789 donacionis
857 751 898 787 et
924 751 1068 786 nostre
1102 745 1428 786 confirmacionis
1456 747 1745 798 argumentum
1779 753 1880 792 pre-

40 826 200 863 sentem
221 822 415 874 paginam
441 819 570 873 sigilli
588 818 719 857 nostri
738 816 962 855 karactere
986 816 1220 855 roboratam
1245 817 1461 865 prenotato
1486 813 1667 852 claustro
1693 811 1882 850 duximus

41 889 363 929 concedendam.
411 888 562 927 Datum
592 885 760 926 Olomuz
782 895 889 924 anno
917 883 1062 923 domini
1078 882 1386 924 MCCXLVH.
1404 882 1535 934 pridie
1555 881 1645 921 idus
1668 878 1882 919 februarii.

43 956 311 997 Pontificatus
345 956 476 995 nostri
508 965 617 994 anno
650 953 790 1004 primo.

347 1053 401 1085 Ex
424 1053 614 1095 originali
638 1052 668 1082 in
691 1050 826 1082 archivo
850 1058 880 1081 c.
903 1059 929 1080 r.
953 1049 1057 1081 aulico
1082 1049 1351 1080 vindobonae.

877 1211 1036 1254 XCIII.

47 1321 230 1371 [Eric-us,
264 1320 356 1360 dum
383 1320 626 1362 carinthiae
655 1332 732 1360 nec
755 1331 840 1360 non
870 1315 1215 1356 Bretislaviensis
1247 1313 1596 1365 (Lundenbury),
1635 1313 1887 1353 monasterio

47 1387 300 1429 Gradieensz·
324 1390 367 1427 in
394 1389 559 1439 Kyyow
585 1388 742 1440 (Gajaj
766 1392 804 1428 et
827 1387 1015 1428 omnibus
1042 1385 1231 1437 praediis
1258 1383 1442 1436 ej'usdem
1467 1383 1592 1421 villae
1615 1382 1887 1420 ememtionem

46 1455 96 1495 ab
128 1467 253 1495 onere
283 1455 471 1507 thelonei,
512 1455 754 1496 tributorum
786 1458 1044 1506 aliarumque
1083 1454 1348 1492 aweltonam
1390 1450 1588 1489 concedit.
1651 1451 1723 1488 Dc.
1756 1447 1887 1488 XIII.

721 1525 823 1564 Kal.
856 1525 1019 1573 Martii,
1060 1521 1212 1561 1247.

219 1614 277 1674 In
310 1634 471 1672 nomine
503 1637 650 1673 sancte
683 1637 724 1674 et
764 1635 973 1674 indiuidue
1005 1632 1199 1673 trinitatis
1239 1640 1371 1669 amen.
1432 1628 1604 1667 Vlricus
1645 1627 1710 1666 dei
1745 1627 1890 1680 gratia

49 1699 135 1740 dux
164 1701 401 1751 Karinthye
435 1705 475 1741 et
506 1702 885 1742 Breciszlawensis
917 1701 1166 1741 monasterio
1209 1697 1462 1738 Gradicensi
1496 1695 1889 1746 premonstratensis

50 1768 218 1808 ordinis.
260 1768 545 1808 Olomucensis
585 1769 794 1820 dyocesis.
836 1773 877 1810 et
917 1768 1115 1808 fratribus
1161 1771 1243 1806 tam
1282 1765 1547 1816 presentibus
1588 1775 1704 1815 quam
1744 1761 1890 1801 suturis

50 1837 289 1890 regularem
321 1838 443 1876 uitam
473 1838 527 1876 ibi
562 1836 763 1887 professis
799 1839 1094 1888 inperpetuum.
1143 1833 1244 1875 Cum
1269 1832 1454 1872 munifica
1482 1831 1720 1883 principalis
1745 1835 1892 1871 aucto-

51 1906 184 1944 ritatis
224 1906 440 1944 clementia
478 1906 664 1944 omnibus
704 1904 959 1945 benefacere
1006 1904 1170 1944 debeat.
1211 1902 1384 1941 maxime
1432 1900 1666 1939 domesticis
1708 1898 1801 1939 fidei
1841 1910 1892 1939 ac

52 1973 152 2012 iuris
184 1974 413 2024 approbate
445 1974 666 2027 religionis
698 1975 820 2012 uitam
854 1977 896 2012 et
927 1973 1107 2012 habitum
1139 1968 1341 2021 professis
1375 1969 1442 2019 qui
1476 1968 1542 2007 die
1575 1972 1782 2018 noctuque
1815 1978 1891 2018 pro

52 2044 162 2080 statu
192 2042 333 2080 matris
365 2041 547 2081 ecclesie
579 2042 857 2095 gubernatori
890 2042 1061 2080 omnium
1101 2038 1371 2089 supplicando
1405 2037 1593 2076 deuotius
1633 2034 1892 2089 famulantur,

55 2120 214 2148 manum
246 2110 312 2160 pie
345 2109 642 2148 consolationis
674 2120 724 2149 ac
757 2109 864 2148 iuste
905 2106 1161 2147 defensionis
1195 2107 1367 2157 clipeum
1399 2106 1561 2144 ratione
1593 2107 1759 2144 tenetur
1791 2114 1892 2154 spe-

54 2178 200 2216 cialius
232 2188 282 2216 ac
314 2178 564 2227 propensius
598 2177 816 2216 exhibere.
870 2177 934 2216 Ea
968 2178 1136 2227 propter
1168 2185 1345 2225 presens
1378 2174 1541 2212 nouerit
1573 2176 1680 2212 etas.
1714 2175 1755 2211 et
1787 2173 1895 2211 sciat

53 2243 203 2284 futura.
237 2245 345 2295 quod
376 2256 453 2283 nos
487 2243 647 2295 prefato
671 2245 921 2284 monasterio
954 2248 996 2283 et
1026 2242 1225 2283 fratribus
1251 2242 1399 2281 ibidem
1432 2241 1687 2295 degentibus
1720 2240 1774 2279 ad
1805 2252 1894 2279 am-

56 2312 225 2364 pliorem
258 2322 395 2351 eorum
435 2313 774 2351 sustentationem
808 2316 849 2352 et
890 2312 941 2351 ob
983 2313 1161 2363 ipsorum
1201 2311 1428 2350 orationum
1468 2310 1895 2360 recompensationem

58 2380 273 2419 statuimus
319 2377 673 2433 irrefragabiliter
711 2380 1017 2420 obseruandam
1056 2380 1168 2430 [sic]
1210 2381 1251 2418 in
1293 2380 1392 2430 Kyo
1433 2382 1475 2418 et
1513 2378 1699 2418 omnibus
1738 2378 1894 2428 prediis

58 2447 243 2487 eiusdem
280 2447 377 2486 ville
416 2459 506 2486 cum
548 2448 653 2486 omni
693 2449 783 2487 iure
823 2448 1103 2488 attinentibus,
1135 2450 1179 2486 ut
1217 2448 1270 2487 ab
1303 2448 1407 2486 omni
1447 2447 1618 2486 thelonii
1651 2457 1794 2485 onere.
1827 2446 1895 2485 uel

56 2516 309 2555 tributorum.
348 2516 628 2569 uectigalium.
673 2517 950 2556 collectarum.
992 2517 1244 2567 aliarumque
1292 2516 1567 2555 exactionum.
1608 2514 1661 2554 ad
1703 2527 1777 2554 nos
1827 2515 1896 2553 uel

59 2582 348 2624 beneficiarios
367 2588 534 2624 nostros
553 2595 714 2635 quoquo
732 2584 849 2624 modo
870 2586 1127 2624 nominentur
1144 2583 1600 2635 spectantibusquibus
1618 2595 1641 2622 a
1661 2586 1893 2623 nostrorum

1608 2649 1689 2690 92ss
