2155 2928
927 135 994 176 39

930 317 981 357 L.

44 418 326 469 wenceslaus,
358 430 442 457 rea>
471 418 741 470 Boiimorum,
772 419 1067 458 monasterium
1100 418 1244 459 Cellae
1274 419 1474 458 castitatis
1505 420 1682 458 Brunae
1710 420 1874 471 fundat,

37 487 248 526 concessis
280 486 435 525 eisdem
467 486 719 526 libertatibus
757 498 834 525 nec
864 498 948 525 non
979 485 1293 537 exemtionibus,
1326 486 1472 537 quibus
1503 487 1590 526 alia
1621 489 1875 527 monasteria

166 554 389 593 Moraviae
416 553 610 605 qaudent.
672 554 745 593 Dt.
783 554 827 593 in
864 553 1063 605 Burylin,
1100 553 1206 593 XII.
1238 553 1460 594 Kalendas
1498 553 1741 605 Februarii,

886 621 1036 660 1244.

139 710 471 772 Wenzezlaus
504 729 572 768 dei
604 730 757 783 gracia
790 730 959 770 illustris
991 741 1071 769 rex
1090 730 1363 770 Bohemorum
1395 731 1606 770 vniuersis
1636 730 1876 783 baronibus,

38 797 293 850 castellanis,
326 798 542 851 iudicibus,
581 799 744 836 ciuibus
784 801 825 837 et
856 799 950 837 aliis
993 799 1242 849 quibuslibet
1279 799 1320 837 in
1352 809 1490 852 regno
1530 810 1605 837 suo
1639 799 1873 837 constitutis

38 866 220 918 gratiam
252 877 366 904 suam
399 869 441 904 et
473 876 589 904 omne
621 865 780 903 bonum.
836 864 937 905 Cum
970 866 1088 919 deus⁷
1121 867 1238 905 cuius
1270 866 1539 916 prouidencia
1564 867 1604 904 in
1637 866 1701 904 sui
1734 865 1877 915 dispo-

37 933 196 972 sicione
235 944 315 972 non
353 931 518 986 fallitur,
559 944 715 971 omnem
761 934 931 971 animam
978 933 1252 982 potestatibus
1291 933 1594 971 sublimioribus
1634 933 1878 986 subiecerit,

37 1001 230 1054 regalem
277 1004 460 1039 nostram
505 999 862 1054 magnificenciam
902 1001 1020 1039 iustis
1060 1000 1336 1051 peticionibus
1383 998 1651 1039 fauorabilem
1697 1001 1878 1039 reddere

39 1067 165 1106 debet
195 1067 423 1107 liberalitas
447 1068 566 1106 nobis
600 1068 785 1106 exhibita
808 1068 1039 1121 largitoris7
1070 1071 1114 1106 ut
1139 1079 1216 1106 nos
1249 1069 1316 1119 qui
1343 1068 1433 1119 plus
1467 1068 1647 1118 plurimis
1671 1067 1723 1106 de
1756 1080 1879 1106 manu

41 1135 331 1175 beniuolencie
377 1136 467 1174 eius
516 1136 764 1188 accepimus,
803 1135 988 1173 omnibus
1030 1136 1212 1174 creatori
1260 1133 1435 1174 fideliter
1481 1134 1878 1187 optemperantibus,

42 1213 174 1253 seque
207 1214 296 1241 cum
321 1203 408 1242 suis
440 1203 636 1256 religioni
665 1202 966 1241 deuouentibus
998 1203 1039 1241 in
1068 1203 1146 1253 piis
1176 1203 1316 1241 causis
1343 1203 1599 1241 inueniamur
1623 1200 1879 1250 fauorabiles

38 1273 81 1310 et
111 1270 299 1322 benigni.
344 1270 492 1309 Notum
524 1271 577 1309 sit
600 1271 730 1323 igitur
762 1270 946 1308 omnibus
971 1274 1208 1320 presentem
1240 1271 1438 1324 paginam
1472 1270 1736 1322 inspecturis⁷
1770 1268 1880 1320 quod

41 1348 128 1391 ego
160 1337 455 1376 U'enzezlaus
494 1338 764 1377 Bohemorum
797 1349 875 1377 rex
914 1341 1083 1388 quartus
1117 1337 1169 1376 de
1210 1348 1300 1376 mea
1332 1337 1465 1376 libera
1496 1337 1710 1376 voluntate
1743 1336 1879 1375 licen-

38 1406 142 1444 ciam
175 1405 269 1444 dedi
298 1405 498 1455 priorisse
531 1408 571 1444 et
593 1406 812 1444 conuentui
845 1406 1084 1444 ancillarum
1112 1404 1269 1445 Christi
1301 1404 1353 1443 de
1381 1404 1499 1445 Cella
1532 1405 1745 1454 castitatis,
1771 1402 1880 1454 quod

51 1473 182 1526 vulgo
216 1473 364 1511 dicitur
396 1472 639 1513 Cbersclzen
680 1473 782 1512 celle
813 1472 1044 1524 accipiendi
1085 1483 1224 1511 aream
1263 1475 1305 1511 et
1343 1470 1541 1510 fundandi
1581 1471 1805 1510 claustrum
1837 1471 1880 1509 in

39 1540 206 1579 ciuitate
247 1543 391 1578 nostra
428 1541 594 1590 Bruna,
634 1540 794 1578 donans
833 1541 895 1579 eis
937 1551 1093 1579 omnem
1130 1540 1375 1591 libertatem,
1410 1551 1487 1590 qua
1529 1540 1598 1577 alii
1630 1538 1879 1577 claustrales

38 1607 227 1661 gaudent
259 1608 299 1645 in
325 1618 464 1660 regno
491 1613 648 1659 nostro7
675 1608 860 1646 eximens
886 1619 960 1646 eas
987 1607 1038 1646 ob
1064 1608 1247 1646 omnibus
1273 1608 1466 1645 seruiciis
1499 1610 1541 1645 et
1566 1606 1879 1658 exaccionibus7

40 1675 90 1714 ad
125 1686 229 1726 quas
269 1676 494 1713 occasione
536 1675 718 1725 qualibet
758 1676 979 1713 communis
1019 1675 1191 1725 populus
1233 1675 1458 1727 obligatur.
1522 1674 1570 1713 Si
1611 1674 1702 1723 quis
1743 1677 1879 1711 autem

37 1742 226 1782 nobilium
260 1743 387 1795 regni
419 1742 561 1796 nostri⁷
593 1742 661 1780 uel
693 1743 822 1781 eciam
855 1743 1001 1781 ciuium
1034 1742 1273 1791 supradicte
1301 1742 1481 1780 ciuitatis
1514 1741 1713 1791 predictis
1744 1739 1879 1778 famu-

37 1809 158 1848 labus
192 1808 348 1849 Christi
376 1809 526 1860 aliquid
560 1809 611 1848 de
635 1810 721 1847 suis
755 1808 1016 1848 facultatibus
1041 1809 1110 1847 vel
1133 1809 1433 1848 hereditatibus
1461 1807 1654 1847 conferre
1689 1808 1878 1860 voluerit,

38 1879 202 1916 nouerit
239 1888 287 1916 se
333 1878 376 1915 in
419 1876 649 1915 huiusmodi
692 1878 856 1927 pietatis
896 1888 1021 1927 opere
1060 1882 1241 1916 nostrum
1288 1888 1364 1927 per
1404 1878 1537 1915 omnia
1578 1877 1879 1926 beneplacitum

39 1946 219 1995 operari.
266 1945 424 1984 Verum
449 1956 501 1983 ne
527 1945 669 1983 liuoris
701 1945 844 1983 oculus
869 1945 1043 1995 aliquam
1072 1949 1217 1984 contra
1242 1945 1414 1983 ancillas
1444 1942 1600 1985 Christi
1623 1944 1880 1997 malignandi

43 2012 197 2051 audeat
227 2023 392 2051 sumere
425 2013 649 2065 materiam,
691 2013 915 2063 predictum
946 2012 1078 2050 locum
1110 2024 1205 2050 curn
1238 2012 1423 2050 omnibus
1456 2013 1534 2050 sibi
1567 2012 1607 2050 in
1639 2015 1782 2050 nostro
1815 2011 1880 2049 di-

40 2081 188 2119 strictu
219 2080 486 2119 attinentibus
512 2080 553 2118 in
585 2082 766 2118 nostram
791 2080 1015 2130 specialem
1045 2080 1266 2130 recipimus
1298 2080 1607 2132 pretectionem,
1640 2090 1781 2118 omnes
1814 2080 1880 2129 ip-

38 2158 176 2186 sarum
208 2147 379 2186 iniurias
404 2150 596 2198 tanquam
629 2148 819 2198 proprias
851 2151 1106 2200 reputantes7
1139 2150 1180 2186 et
1204 2148 1394 2186 volentes
1428 2159 1502 2186 eas
1528 2147 1707 2197 propriis
1740 2147 1881 2185 acrius

39 2214 268 2253 uindicare.
329 2215 389 2253 Vt
427 2219 559 2253 autem
602 2215 709 2265 apud
748 2220 970 2265 presentes
1010 2218 1051 2254 et
1094 2219 1288 2266 posteros
1329 2215 1450 2254 huius
1493 2215 1706 2268 priuilegii
1744 2215 1881 2253 series

40 2284 122 2321 tam
145 2282 415 2335 immutabiliS,
440 2293 558 2333 quam
581 2283 836 2321 inuariabilis
863 2286 1117 2336 permaneat,
1139 2284 1268 2333 ipsam
1296 2283 1437 2336 sigillo
1462 2287 1603 2321 nostro
1628 2282 1881 2333 principatus

41 2350 171 2389 nostri
203 2351 442 2404 ymaginem
474 2351 712 2389 continente
744 2350 896 2389 robore
930 2355 1130 2400 perpetuo
1163 2352 1464 2389 communimus.
1511 2351 1662 2389 Datum
1696 2351 1735 2388 in
1769 2351 1881 2389 Bur-

41 2417 160 2472 gelin
192 2429 300 2457 anno
334 2418 482 2457 domini
511 2416 801 2458 MCCXLIV.
834 2419 932 2458 XII.
963 2418 1060 2457 Kal.
1092 2418 1325 2472 Februarii,
1358 2419 1399 2457 in
1431 2418 1499 2457 die
1533 2417 1742 2458 Cinerum.

346 2515 400 2547 Ex
423 2516 610 2556 originali
633 2516 664 2547 in
686 2516 821 2547 archivo
845 2526 875 2548 c.
898 2526 923 2548 ι·.
947 2516 1052 2547 aulico
1077 2515 1348 2548 vindobonae.
1372 2534 1414 2539 —
1436 2515 1585 2557 Sigillum
1609 2517 1710 2547 minus
1734 2516 1881 2547 fractum.
