2155 2928
1082 186 1189 225 244

210 335 327 374 Iunii.
383 334 508 374 Anno
559 332 706 372 domini
744 329 978 371 Millesimo.
1017 326 1329 366 Ducentesimo.
1370 324 1509 364 LVII.
1542 326 1874 365 consecrationis
1911 328 2054 367 nostre

211 414 319 442 anno
353 402 524 442 decimo.

516 499 570 530 Ex
593 495 783 539 originali
806 496 837 526 in
859 493 996 526 archivo
1019 491 1204 523 monasterii
1227 489 1572 523 Tisnowicensis.

1033 654 1229 697 CCLVL

212 765 459 807 Alexander
495 775 606 815 papa
639 761 716 801 11'.
758 759 815 799 ad
841 759 1075 811 petitionem
1112 759 1296 811 fratrum
1335 758 1553 798 Minorum
1591 758 1808 809 Boe'mz'ae,
1848 757 2056 797 Polom‘ae

212 837 251 872 et
271 835 468 873 Auso-iae
489 829 818 883 pmtedicanlimn
835 826 1003 866 verbum
1029 827 1170 865 crucis
1187 825 1351 877 inhibet,
1372 838 1424 865 ne
1443 827 1535 877 quis
1560 838 1685 865 cruce
1709 827 1896 877 signato-s·
1919 838 1945 866 a
1965 828 2056 866 volo

381 899 595 939 absolvere
623 897 876 948 praesumat.
938 895 1011 934 Dl.
1053 893 1236 946 l'z'terbii,
1269 895 1393 935 XVI.
1425 894 1529 935 Kal.
1562 895 1689 946 Julii,
1728 893 1879 935 1257.

332 991 623 1050 *Alexander
656 1006 879 1056 episcopus
912 1015 1065 1044 seruus
1098 1016 1311 1044 seruorum
1345 1005 1424 1044 dei.
1464 1005 1643 1044 Dilectis
1677 1003 1826 1044 filiis..
1847 1005 2054 1045 Ministris

212 1082 252 1116 et
283 1078 372 1116 aliis
406 1075 599 1114 fratribus
632 1075 816 1127 Boemie7
848 1074 1037 1126 Polonie,
1071 1078 1113 1113 et
1136 1074 1323 1125 Austrie7
1356 1073 1667 1124 predicantibus
1701 1073 1872 1112 verbum
1905 1073 2056 1127 crucis,

211 1146 364 1184 ordinis
414 1142 581 1182 fratrum
626 1143 847 1195 Minorum,
888 1142 1062 1180 salutem
1113 1145 1154 1180 et
1200 1141 1467 1192 apostolicam
1515 1141 1889 1187 benedictionem„
1921 1141 2058 1181 Lecta

210 1214 328 1253 nobis
362 1216 505 1252 vestra
533 1212 673 1262 petitio
707 1211 959 1262 continebat,
989 1210 1095 1261 quod
1129 1210 1227 1250 licet
1250 1221 1327 1248 vos
1361 1209 1413 1248 de
1436 1209 1629 1248 mandato
1662 1210 1891 1260 apostolico
1914 1213 2058 1250 contra

209 1283 425 1322 Lim-anos
467 1283 508 1318 et
548 1279 823 1318 Ialuerzanos
863 1282 904 1318 et
941 1279 1047 1317 alios
1088 1289 1285 1332 paganos
1328 1278 1482 1316 illarum
1525 1278 1699 1328 partium
1739 1278 2057 1328 predicaueritis

209 1350 378 1388 verbum
419 1348 571 1401 crucis,
612 1351 653 1386 et
693 1347 746 1386 ad
789 1347 1119 1386 exhortationem
1158 1350 1342 1385 vestram
1391 1346 1501 1385 multi
1542 1344 1687 1384 fideles
1726 1347 1855 1400 signo
1895 1344 2057 1386 viuifice

211 1419 347 1458 crucis
380 1420 589 1467 assumpto
631 1419 862 1466 proponant
895 1416 934 1454 in
973 1415 1091 1454 breui
1126 1419 1270 1453 contra
1310 1414 1515 1468 Paganos
1555 1414 1724 1453 eosdem
1757 1426 1845 1453 cum
1879 1414 1945 1454 dei
1978 1413 2057 1454 ad-

209 1487 354 1525 iutorio
388 1484 615 1536 proficisci:
657 1485 818 1536 quidam
849 1488 985 1523 tamen
1028 1487 1164 1533 potius
1196 1483 1348 1522 ardore
1388 1483 1580 1536 auaritie⁷
1614 1494 1732 1534 quam
1767 1483 1933 1534 pietatis
1965 1482 2056 1523 zelo

211 1555 418 1607 succensi,
452 1553 668 1593 nonnullos
695 1552 747 1591 de
781 1552 1093 1606 crucesignatis
1119 1551 1276 1590 eisdem
1308 1551 1479 1590 obtentu
1504 1553 1696 1605 pecunie,
1730 1563 1847 1603 quam
1871 1551 1924 1591 ab
1956 1551 2058 1603 ipsis

210 1623 424 1675 recipiunt7
458 1633 483 1660 a
514 1625 611 1660 voto
653 1621 791 1660 crucis
830 1621 1051 1659 absoluunt
1093 1632 1166 1671 pro
1200 1631 1276 1659 sue
1308 1620 1421 1660 libito
1461 1620 1699 1674 voluntatis,
1732 1624 1976 1659 asserentes
2008 1631 2057 1660 se

210 1689 368 1729 habere
401 1701 528 1740 super
567 1689 645 1728 hoc
686 1701 708 1728 a
743 1688 859 1729 Sede
899 1688 1128 1739 apostoliea
1162 1691 1432 1741 potestatem3
1474 1692 1644 1739 propter
1683 1688 1790 1739 quod
1830 1687 2058 1727 huiusmodi

210 1759 371 1811 negotii
415 1760 650 1808 prosecutio
695 1759 733 1796 in
769 1757 1026 1808 dispendium
1069 1755 1310 1796 Christiane
1351 1755 1445 1796 fidei
1484 1768 1566 1796 non
1599 1756 1796 1796 modicum
1830 1756 2056 1807 impeditur.

214 1826 355 1874 Quare
388 1824 460 1865 fuit
493 1837 549 1865 ex
582 1830 699 1877 parte
731 1830 876 1865 vestra
909 1825 1028 1864 nobis
1062 1824 1265 1864 humiliter
1296 1824 1580 1878 supplicatum,
1613 1828 1656 1864 ut
1688 1835 1815 1875 super
1847 1824 1926 1863 hoc
1958 1835 2059 1875 pro-

212 1894 356 1933 uidere
398 1894 448 1933 de
482 1901 709 1944 opportuno
750 1894 932 1932 remedio
972 1904 1227 1932 curaremus.
1290 1893 1380 1932 Nos
1420 1893 1552 1946 igitur
1591 1893 1747 1932 vestris
1787 1893 2057 1943 supplicatio-

213 1962 333 2001 nibus
373 1963 568 2015 incunati,
608 1974 660 2001 ne
702 1963 793 2013 quis
841 1962 893 2001 de
934 1966 1076 2000 cetero
1125 1961 1450 2015 crucesignatos
1496 1960 1666 2000 eosdem
1714 1960 1875 2012 absque
1915 1964 2057 2000 nostro

213 2030 384 2079 speciali
417 2030 605 2069 mandato
646 2031 783 2069 taliter
815 2030 1038 2069 absoluere
1078 2034 1301 2082 presumat7
1334 2030 1582 2068 auctoritate
1621 2030 1874 2079 presentium
1914 2028 2057 2068 distri-

214 2099 318 2136 ctius
352 2097 591 2137 inhibemus.
654 2099 764 2137 Nulli
798 2109 908 2151 ergo
942 2099 1102 2136 omnino
1136 2097 1337 2137 hominum
1371 2097 1508 2150 liceat,
1542 2097 1652 2136 hanc
1687 2098 1885 2150 paginam
1917 2100 2058 2136 nostre

215 2165 464 2204 inhibitionis
497 2164 748 2219 iusi-ingere,
781 2167 849 2205 vel
874 2167 911 2205 ei
946 2178 1051 2204 ausu
1084 2167 1304 2205 temerario
1338 2166 1560 2205 contraire.
1607 2165 1655 2205 Si
1689 2166 1780 2216 quis
1813 2169 1948 2204 autem
1979 2164 2058 2205 hoc

215 2237 457 2283 attemptare
490 2236 801 2287 presumpserit,
835 2235 1163 2288 indignationem
1197 2234 1485 2284 omnipotentis
1519 2233 1586 2273 dei
1627 2237 1669 2272 et
1699 2234 1912 2272 beatorum
1944 2232 2057 2274 Petri

217 2304 257 2338 et
289 2301 404 2339 Pauli
445 2303 719 2352 apostolorum
760 2304 851 2342 eius
891 2314 939 2342 se
981 2304 1144 2342 nouerit
1176 2303 1448 2341 incursurum.
1511 2301 1662 2345 Datum
1701 2301 1898 2355 Viterbii⁷
1937 2300 2056 2341 XVI.

217 2367 431 2408 Kalendas
463 2370 567 2409 Iulii.
629 2369 899 2411 Pontificatus
932 2371 1063 2410 nostri
1096 2382 1204 2410 anno
1236 2370 1373 2409 tertio.

522 2468 575 2499 Ex
599 2469 849 2510 autographo
873 2469 1052 2510 Regesto
1077 2467 1306 2500 Alexandri
1330 2477 1437 2509 papae
1455 2468 1686 2499 1V.anni111.
1711 2468 1806 2508 epist.
1830 2463 1920 2498 346.
1944 2467 1974 2497 iu
1997 2467 2057 2498 ta·-

626 2519 797 2551 bulariis
822 2520 1050 2552 Vaticanis.
1075 2538 1117 2546 -
1140 2520 1225 2552 Exc.
1247 2519 1335 2561 apud
1358 2519 1564 2562 Wadding
1587 2537 1630 2543 —
1651 2519 1689 2551 Τ.
1712 2519 1772 2551 lv.
1794 2527 1871 2561 pag.
1895 2517 1985 2550 454.
