2155 2928
91 281 272 322 sencium
319 281 639 332 inspectoribus.
693 285 734 321 et
781 282 1037 322 auditoribus
1085 283 1308 323 vniuersis.
1357 283 1465 334 quod
1512 282 1644 323 frater
1689 285 1930 327 Fridericus

91 349 219 388 nostri
252 348 408 387 ordinis
441 349 679 399 predicator
711 352 929 403 generalis
962 363 1101 390 coram
1144 351 1263 390 nobis
1297 354 1338 390 et
1378 349 1573 391 fratribus
1613 355 1767 392 nostris
1807 367 1931 394 reco-

91 417 237 471 gnouit
268 427 317 455 se
350 421 390 455 et
423 421 674 466 protestatus
707 423 783 456 est.
817 419 924 469 quod
959 420 998 457 in
1030 420 1092 457 sui
1127 422 1361 469 presencia.
1401 420 1585 459 dominus
1619 422 1834 461 Hartlibus
1868 425 1933 462 vir

87 485 247 525 Nobilis
280 484 332 523 de
356 484 642 524 Miszelboriz.
677 486 825 524 ductus
858 488 924 537 pio
958 487 1049 526 zelo
1082 488 1133 526 ad
1167 477 1330 526 laudem
1352 487 1417 526 dei
1446 492 1486 526 et
1518 489 1713 527 honorem
1742 490 1930 543 gloriose

89 554 270 606 virginis
293 552 433 591 Man-ie
459 552 610 591 Matris
639 554 740 592 eius.
773 555 845 593 Ivs
869 559 1113 604 patronatus
1137 556 1318 594 ecclesie
1346 556 1531 606 predicte
1565 557 1616 596 de
1643 557 1930 598 Jliszelboriz.

89 620 194 672 quod
227 621 279 660 ad
313 633 402 660 eum
435 621 567 660 libere
601 622 832 671 spectabat.
867 634 955 661 cum
995 623 1181 662 omnibus
1222 625 1312 662 svis
1353 625 1579 663 attinentiis
1619 626 1789 665 contulit
1828 638 1931 665 con-

87 691 225 730 uentui
266 689 630 728 sanctimonialium
670 690 710 727 in
753 689 861 728 Ozla
907 695 948 729 et
988 695 1032 729 ut
1069 689 1217 729 sactum
1257 691 1450 730 diuinitus
1491 694 1729 743 inspiratum
1776 695 1815 732 in
1855 706 1931 733 suo

89 759 242 811 vigore
273 755 429 795 sorcius
463 761 737 806 permaneret.
777 757 921 796 obtulit
960 759 1032 796 Ivs
1071 763 1315 808 patronatus
1355 760 1538 799 ecclesie
1577 761 1676 799 ville
1715 762 1931 812 sepedicte

87 837 214 876 super
244 825 375 864 altare
409 825 590 878 virginis
613 825 816 877 gloriose.
844 825 1051 864 recedens
1085 827 1137 864 ab
1171 828 1276 865 omni
1311 828 1398 866 iure
1426 828 1532 879 quod
1567 829 1607 867 in
1635 841 1684 868 eo
1711 830 1931 869 uidebatur

85 894 256 933 habere.
289 892 552 946 assignando
586 894 716 930 eciam
751 893 827 930 iam
860 893 969 931 dicte
1003 894 1185 933 ecclesie
1218 896 1585 934 sanctimonialium
1618 897 1658 935 in
1691 896 1806 936 Ozla.
1845 910 1928 937 sex

39 953 45 956 ’
85 962 253 1001 Laneos
286 962 327 1000 in
362 961 626 999 Droscowz'z.
660 960 792 998 libere
827 964 868 998 et
910 961 1046 1010 quieto
1089 962 1181 1000 ivre
1221 963 1494 1012 possidendos
1533 969 1630 1002 tunc
1671 967 1797 1014 primo
1838 966 1930 1005 dum

86 1041 174 1069 eum
205 1031 385 1068 transire
419 1030 638 1081 contingat
671 1028 779 1066 viam
812 1029 952 1066 carnis
985 1030 1200 1068 vniuerse.
1248 1030 1320 1070 Sic
1363 1033 1403 1069 in
1441 1032 1589 1070 litteris
1631 1033 1785 1071 exinde
1824 1045 1929 1072 con-

83 1096 204 1137 fectis
236 1097 397 1148 plenius
432 1098 677 1135 continetur.
710 1097 756 1134 In
790 1096 910 1134 huius
938 1097 998 1134 rei
1032 1099 1302 1136 testimonium
1329 1106 1563 1149 presentem
1597 1100 1771 1138 litteram
1798 1102 1929 1154 sigilli

83 1167 212 1205 nostri
245 1165 459 1204 munimine
490 1163 661 1203 fecimus
695 1164 896 1202 roborari.
964 1164 1073 1203 Acta
1115 1170 1210 1204 sunt
1248 1166 1326 1204 hec
1366 1168 1407 1205 in
1446 1166 1562 1206 Ozla.
1612 1168 1735 1206 Anno
1777 1168 1926 1208 domini

84 1234 142 1274 Μ.
165 1232 252 1274 CC.
276 1233 371 1272 Lx.
395 1233 468 1271 ΙΙΙ.
490 1233 708 1271 Kalendas
732 1233 836 1271 lvlii.
864 1244 1000 1271 coram
1026 1234 1204 1272 testibus
1230 1234 1473 1273 subnotatis.
1524 1235 1699 1273 Domino
1728 1235 1926 1275 Ekhardo

87 1302 138 1341 de
163 1302 365 1341 Mirslaus
398 1300 528 1340 fratre
561 1312 651 1339 svo.
685 1299 814 1339 fratre
849 1306 990 1340 nostro
1019 1302 1248 1340 Friderico.
1283 1307 1323 1340 et
1355 1301 1483 1341 fratre
1506 1302 1656 1342 Ottone
1690 1304 1779 1342 eius
1812 1305 1928 1343 socio

85 1370 136 1409 de
167 1370 271 1409 Lae.
306 1368 355 1409 C.
390 1370 612 1420 preposito.
646 1369 698 1407 H.
738 1373 780 1407 et
813 1369 889 1407 W.
930 1370 1157 1419 capellanis
1197 1374 1239 1409 et
1271 1371 1559 1411 sacerdotibus
1593 1372 1842 1411 dominarum
1886 1376 1928 1412 et

83 1443 311 1479 conuentus
344 1439 711 1478 sanctimonialium
744 1449 862 1489 quam
896 1439 1065 1489 plurima
1099 1450 1210 1489 pars.

387 1537 441 1568 Ex
464 1537 660 1578 originali
685 1546 755 1568 cum
779 1536 887 1578 sigillo
911 1537 1024 1568 illaeso
1049 1535 1234 1577 ejusdem
1258 1538 1452 1568 monasterii.

899 1699 1116 1743 CCXCII.

80 1803 326 1843 Aleoeander
356 1816 468 1856 papa
500 1804 579 1844 11’.
623 1805 838 1855 Prayensz'
875 1806 914 1842 el
945 1804 1212 1843 olomucensi
1250 1804 1458 1855 episcopis
1490 1802 1671 1853 nmndut,
1704 1806 1750 1842 ut
1779 1816 1923 1844 eorum

81 1872 273 1910 alteruter
305 1884 445 1923 reqem
478 1873 680 1911 Boiime‘ae
712 1874 914 1923 innnyere
953 1875 1071 1923 utque
1103 1884 1308 1911 coronare
1337 1873 1485 1923 poss-il.
1519 1871 1615 1910 dum
1649 1873 1923 1922 Jloqnnla‘nus

82 1939 230 1979 electus
254 1953 279 1980 α
297 1939 413 1981 Sede
434 1941 664 1993 apostolica
687 1952 770 1979 non
794 1941 927 1992 fueri(
951 1941 1230 1992 confirmatus,
1264 1941 1333 1978 DI.
1361 1940 1590 1990 Amyntae,
1614 1940 1753 1991 pridie
1776 1941 1923 1980 Nonas

804 2008 1009 2059 Octobris,
1050 2008 1199 2047 1260.

212 2099 481 2160 Alexander
513 2119 710 2169 episopus
743 2129 893 2157 seruus
921 2129 1136 2156 seruorum
1170 2117 1249 2156 dei.
1282 2117 1609 2156 Venerabilibus
1642 2115 1841 2156 fratribus
1876 2145 1886 2156 .
1910 2146 1921 2156 .

80 2184 290 2239 Pragensi
324 2191 365 2226 et
397 2215 436 2225 ..
471 2186 732 2226 olomucensi
758 2186 970 2236 episcopis
1003 2184 1175 2224 salutem
1209 2189 1250 2223 et
1282 2185 1549 2234 apostolicam
1576 2185 1919 2224 benedictionem.

80 2250 276 2300 Quoniam
308 2254 360 2293 ad
394 2255 701 2293 subsistentiam
736 2254 943 2292 multorum
977 2257 1018 2292 et
1051 2254 1242 2305 regimen
1276 2264 1451 2302 preesse
1485 2258 1647 2303 oportet
1678 2265 1796 2291 unum
1830 2254 1920 2292 sin-

79 2321 228 2373 gulare
267 2324 527 2375 precipuum7
568 2323 662 2373 quia
704 2322 916 2372 pluralitas
965 2322 1004 2359 in
1046 2322 1312 2370 presistentia
1353 2322 1578 2360 scissuram
1618 2321 1835 2359 induceret
1877 2325 1919 2360 et

79 2388 245 2428 solidam
276 2390 553 2443 gubernaculi
588 2390 861 2439 disrumperet
894 2387 1138 2427 firmitatem:
1174 2390 1402 2439 preminent
1435 2389 1595 2440 quidem
1629 2389 1680 2427 ob
1715 2389 1793 2428 boc
1826 2390 1917 2427 sin-

80 2455 191 2508 gulis
223 2459 371 2511 regnis
405 2464 445 2498 et
477 2458 610 2496 mundi
645 2458 868 2507 prouinciis
894 2457 1063 2509 singula
1098 2458 1362 2510 regnantium
1396 2457 1499 2495 solia
1534 2461 1574 2495 et
1599 2457 1769 2509 singule
1801 2458 1916 2506 prin-

78 2524 293 2574 cipantium
326 2530 576 2578 potestates3
611 2526 704 2577 quia
738 2524 828 2563 dum
863 2534 995 2577 reges
1037 2525 1196 2575 populis
1237 2525 1439 2575 imperant
1479 2529 1520 2563 et
1560 2525 1694 2575 populi
1735 2524 1914 2578 regibus

1642 2591 1709 2631 36
