2155 2928
847 190 1150 250 -ἓέῑᾲᾴ

80 332 310 371 nostrorum
340 328 542 367 manibus.
582 333 798 380 postquam
835 331 976 370 carnis
1015 330 1192 369 debitum
1233 328 1535 380 impleuerimus
1569 330 1799 380 suscipiant
1837 343 1917 370 an-

80 399 239 438 nuatim.
286 395 513 446 Sper-amus
539 398 644 435 enim
677 398 783 448 quod
810 409 949 436 eorum
983 398 1211 448 approbata
1244 397 1408 436 deuotio
1441 409 1530 436 cum
1564 399 1789 436 orationum
1824 399 1918 437 dili-

80 466 224 520 gentia
263 464 357 502 Deo
397 467 523 517 grata
565 477 644 503 non
686 466 812 504 solum
851 466 971 504 nobis
1017 466 1092 504 sed
1135 467 1265 504 eciam
1306 465 1475 515 proauis
1515 468 1558 503 et
1595 466 1916 505 successoribus

80 533 243 573 nostris.
277 542 376 570 esse
409 532 562 571 debeat
593 533 840 571 intercessio
872 534 1067 573 salutaris
1099 533 1151 572 ad
1184 533 1442 583 optinendam
1471 534 1636 572 veniam
1664 533 1916 572 delictorum.

81 601 146 640 Ne
186 603 319 639 autem
370 610 498 649 super
545 599 624 638 hac
673 601 894 640 donatione
934 605 1077 640 nostra
1119 602 1379 651 imposterum
1420 601 1703 654 ambiguitatis
1743 601 1915 652 alicujus

80 669 209 719 possit
240 667 462 717 scrupulus
495 669 652 706 exoriri
685 669 993 718 prememoratis
1026 668 1327 709 Conventibus.
1359 668 1481 707 Hanc
1508 669 1682 713 litteram
1709 669 1917 708 conscribi

78 734 260 775 fecimus.
292 735 435 773 Nostri
468 735 609 787 sigilli
643 736 859 774 mvnimine
893 737 1138 775 roboratam.
1170 737 1303 787 Hujus
1343 737 1404 775 rei
1436 740 1568 775 testes
1606 740 1715 775 svnt.
1758 735 1917 787 Capel-

78 803 160 842 lani
191 804 334 842 nostri.
359 803 598 841 Heinricus.
621 803 814 841 Iacobus.
845 807 886 841 et
910 804 1172 842 Valentinus.
1196 804 1434 843 Bohuzlaus
1458 805 1584 843 Miles
1610 804 1661 842 de
1687 803 1915 844 Chuochel.

77 870 254 911 Iurshik.
287 870 340 909 de
372 870 573 909 Ienikow.
605 870 758 909 Petrus
791 870 843 910 de
868 871 1146 910 Zkrechlebe.
1173 872 1407 910 Zacharias
1440 872 1491 910 de
1518 873 1684 911 Konitz.
1708 873 1917 911 Massuna

79 939 130 978 de
153 938 320 994 *Vzthie.
345 938 599 978 Laurentius
625 938 677 977 de
700 938 874 977 Ledeiz.
897 939 1095 979 Swezsth
1123 939 1174 977 de
1202 940 1350 990 dedijZ.
1378 939 1613 978 Bohuslaus
1639 940 1690 979 de
1715 941 1914 991 Boyman.

78 1006 302 1046 Zulezlaus
334 1006 386 1045 de
419 1006 618 1056 Boyman.
652 1006 825 1045 Beneda
859 1006 910 1045 de
943 1007 1252 1057 MarquardicZ.
1285 1007 1436 1046 Petrus
1469 1007 1522 1045 de
1555 1007 1762 1046 Ostirlioe.
1794 1009 1915 1047 Hous

78 1074 129 1113 de
151 1074 469 1112 usieczemlicz.
503 1073 691 1112 Radosta
718 1074 770 1112 de
794 1073 1087 1112 'rhun-kowicz.
1130 1074 1274 1114 Gallus
1301 1075 1352 1113 de
1375 1075 1604 1124 Yporiticz.
1630 1075 1915 1125 Marquardus

77 1142 128 1181 de
160 1139 363 1182 Clessicz.
398 1141 613 1180 Lvtherus
647 1142 698 1180 de
732 1141 962 1180 Zvchodol.
997 1147 1038 1180 et
1071 1142 1136 1179 alii
1171 1153 1287 1191 quam
1323 1143 1474 1191 plures.
1547 1142 1697 1180 Datum
1730 1143 1770 1180 in
1802 1142 1914 1181 Sce-

78 1209 220 1248 delicz.
268 1210 391 1248 Anno
432 1209 484 1248 ab
525 1210 812 1249 incarnatione
855 1209 1002 1248 domini
1034 1209 1096 1248 M.
1130 1208 1217 1249 CC.
1250 1209 1387 1249 LVII.
1436 1209 1587 1257 Qvinto
1628 1209 1695 1248 die
1734 1211 1914 1249 intrante

76 1278 227 1318 Mense
259 1278 485 1317 novembri.

378 1375 433 1406 Ex
450 1374 651 1417 originali
667 1375 853 1406 monasterii
874 1373 1082 1407 Sarensis.
1107 1373 1249 1415 -Apud
1263 1373 1483 1406 Steinbach
1500 1374 1544 1405 ΙΙ.
1564 1384 1595 1415 p.
1618 1373 1677 1406 15.
1691 1375 1913 1406 incorrectius.

907 1538 1080 1580 CCLX.

76 1639 186 1682 smil
221 1640 272 1680 de
310 1640 480 1693 lelsow
522 1644 560 1679 et
593 1641 753 1692 fratres
794 1641 885 1693 eju-5·
923 1640 1213 1692 Marquardus
1259 1642 1297 1679 et
1334 1639 1509 1680 Ralihor
1547 1639 1625 1691 jus
1667 1641 1913 1691 patronatus

173 1709 374 1749 ecclesiae
414 1711 458 1748 in
495 1709 691 1761 Ranoz'ji·
729 1709 979 1758 [Ranzern]
1019 1709 1241 1760 conferunt
1275 1708 1526 1746 monasterio
1567 1706 1809 1747 Get-acensi.

922 1776 1072 1816 1257.

240 1868 300 1928 In
339 1889 500 1927 nomine
532 1890 680 1927 sancte
719 1890 761 1926 et
800 1886 1009 1926 indiuidue
1041 1887 1247 1926 trinitatis.
1310 1886 1410 1938 Ego
1453 1884 1597 1935 Zmylo
1640 1884 1691 1923 de
1723 1885 1911 1924 Bilcowe

6 1940 9 1988 ἷ
74 1960 114 1994 et
143 1952 296 1994 fratres
335 1957 426 2009 mei7
459 1955 757 2008 Marquardus7
796 1955 1027 1994 aduocatus
1070 1955 1177 1993 illius
1216 1954 1398 1993 ecclesie
1432 1954 1591 1991 Ranzir
1630 1956 1671 1991 et
1703 1953 1837 2006 Ierus⁷
1871 1956 1912 1992 et

11 2314 13 2330 l

12 2358 15 2376 l

8 2031 9 2035 ’
73 2021 324 2077 Ratiborius,
366 2035 455 2062 cum
488 2035 697 2063 consensu
737 2035 910 2062 uxorum
942 2026 1174 2062 nostrarum
1217 2026 1258 2061 et
1297 2021 1462 2060 filiorum
1503 2024 1733 2059 nostrorum
1774 2024 1911 2060 notum

74 2099 170 2129 esse
201 2093 383 2141 cupimus
416 2092 625 2130 Vniuersis
657 2095 738 2130 tam
772 2092 1035 2141 presentibus
1069 2101 1188 2142 quam
1220 2088 1380 2142 suturis⁷
1421 2088 1527 2140 quod
1562 2099 1637 2127 nos
1671 2089 1733 2127 ius
1765 2091 1911 2139 patro-

10 2207 11 2216 *
73 2161 191 2196 natus
222 2170 272 2197 ac
304 2160 548 2212 collationis,
591 2159 697 2210 quod
732 2159 798 2198 dei
840 2160 993 2212 gracia
1024 2159 1063 2197 in
1104 2158 1281 2196 ecclesia
1320 2158 1482 2197 Ranstr
1522 2156 1751 2209 habuimus‚
1793 2156 1910 2195 simul

73 2234 160 2264 cum
190 2227 268 2265 iam
306 2227 494 2277 predicta
527 2228 711 2266 ecclesia
750 2231 920 2278 propter
959 2227 1077 2265 deum
1117 2237 1168 2264 ac
1208 2227 1429 2264 animarum
1469 2228 1698 2262 nostrarum
1738 2224 1911 2263 salutem

71 2289 264 2333 fratribus
297 2298 349 2335 et,
370 2295 554 2334 ecclesie
585 2299 733 2334 sancte
760 2294 898 2333 Marie
930 2294 1172 2332 contulimus
1201 2293 1428 2342 Ierocensi,
1462 2299 1504 2330 ut
1537 2295 1736 2342 perpetuo
1770 2292 1910 2341 possi-

12 2378 15 2392 ·
72 2358 209 2415 deant,
255 2365 297 2401 et
342 2363 568 2402 secundum
610 2363 677 2402 dei
716 2363 896 2402 timorem
942 2371 1045 2411 sepe
1087 2360 1232 2399 dictam
1276 2360 1495 2399 ecclesiam
1542 2360 1581 2398 in
1621 2359 1730 2397 cultu
1770 2359 1908 2398 diuino

14 2434 15 2457 1
71 2423 236 2468 faueant
266 2441 316 2468 ac
348 2431 534 2480 plantent
561 2429 735 2469 fideliter
768 2441 818 2468 ac
851 2428 1050 2468 studiose.
1098 2427 1393 2466 Verumtamen
1426 2428 1520 2478 quia
1546 2430 1715 2477 propter
1746 2427 1909 2465 labilem

71 2496 203 2534 mundi
236 2498 358 2536 vitam
391 2510 572 2538 necesse
605 2502 682 2551 est,
715 2501 757 2536 ut
789 2495 913 2550 sacta,
947 2507 1026 2547 que
1059 2496 1323 2535 diuturnitate
1364 2497 1594 2546 persistere
1627 2495 1793 2548 debent7
1827 2506 1908 2534 non

72 2562 198 2602 solum
229 2566 404 2619 testium7
444 2567 520 2606 sed
555 2566 675 2606 etiam
715 2565 922 2616 scripture
956 2564 1156 2603 munimen
1194 2564 1434 2616 sortiantur7
1469 2563 1562 2602 inde
1603 2561 1765 2615 sactum,
1799 2562 1907 2614 quod

1634 2629 1700 2669 32
