2155 2928
1146 141 1216 181 46

252 284 332 323 hoc
365 295 530 335 semper
562 283 747 323 intendat
779 287 820 322 et
852 280 1136 322 fauorabiliter
1168 282 1221 320 sit
1253 280 1449 331 exposita
1481 282 1524 319 ut
1556 290 1647 319 cum
1679 281 1863 319 omnium.
1895 283 1977 319 tum
2008 292 2095 321 ma-

252 354 363 391 xime
397 353 670 392 ecclesiarum
710 353 799 390 iura
832 362 934 389 ausu
977 350 1114 387 illicito
1147 348 1349 387 conuulsa
1382 346 1623 386 reformare.
1657 352 1698 387 et
1732 348 1976 387 inconuulsa
2008 350 2094 399 pari
2147 339 2149 375 Ᾰ

251 418 396 460 fauore
428 421 568 474 regali
600 420 677 458 sub
711 419 929 458 clementia
962 415 1202 455 confouere.
1235 416 1411 454 maxime
1436 415 1659 454 ecclesiam
1691 415 2095 470 XVelegradensem.
2148 411 2149 457 J

253 489 292 527 in
334 492 448 528 terra
493 492 638 527 nostre
682 487 857 526 dicionis
899 489 1040 524 nostro
1078 485 1119 522 in
1159 487 1344 534 tempore
1383 495 1409 522 a
1448 484 1526 533 piis
1566 484 1910 537 progenitoribus
1943 486 2095 525 nostris
2148 497 2149 501 ¹

254 556 520 595 deuotissime
553 559 842 595 constructam.
876 565 925 592 ac
958 550 1181 605 magnifice
1221 551 1401 590 dotatam
1434 555 1476 590 et
1508 551 1686 591 ditatam.
1726 553 1988 603 propensiori
2020 552 2095 591 de-

253 625 459 663 cernimus
492 624 626 662 studio
651 626 920 661 manutenere
954 623 995 658 et
1024 620 1225 658 contueri.
1259 619 1451 670 dicteque
1479 620 1662 658 ecclesie
1695 618 1925 659 fautoribus
1950 620 2095 662 uultum

254 696 399 731 nostre
432 692 661 731 maiestatis
688 690 912 728 ostendere
946 689 1215 727 sereniorem.
1262 687 1468 728 Nouerint
1500 689 1630 742 igitur
1660 689 1845 727 uniuersi
1879 692 2096 739 presentes

253 763 295 799 et
326 758 462 799 futuri.
497 759 603 810 quod
639 758 813 796 nobilem
845 760 1028 795 nostrum
1059 747 1251 795 sifridum*
1277 755 1426 795 dictum
1459 756 1699 807 orphanum.
1732 757 1883 810 gracia
1917 757 2098 799 uberiori

254 828 553 878 amplexantes.
593 825 850 864 hereditates
889 824 1087 876 quasdam
1137 826 1181 863 in
1227 825 1414 863 terminis
1464 826 1647 864 morauie
1688 825 1820 864 eidem
1858 825 2098 866 contulimus
2148 851 2149 855 =

255 896 547 946 imperpetuum
583 893 870 944 possidendas.
902 893 1102 942 Bulyarn
1132 892 1339 931 uidelicet.
1373 895 1415 931 et
1446 892 1595 931 nidelfe
1628 896 1669 932 et
1703 892 1898 944 ysqrube.
1932 893 2098 943 promit·
2148 928 2149 933 ,

252 966 388 1002 tentes
421 967 463 1001 ut
488 962 656 1000 easdem
688 972 764 999 sue
790 961 1039 1000 accomodas
1072 960 1270 999 redderet
1293 960 1467 999 utilitati.
1501 961 1608 1012 quod
1635 973 1724 1000 cum
1757 962 1848 1000 sine
1874 960 2097 1011 preiudicio

252 1031 484 1069 adiacentis
518 1029 755 1068 hereritatis
781 1029 893 1080 [sic]
921 1029 1104 1068 ecclesie
1123 1028 1492 1083 Welegradensis
1517 1041 1597 1080 que
1623 1028 1802 1068 Prilflub
1826 1029 1985 1068 dicitur.
2013 1027 2098 1073 fieri
2148 1072 2149 1075 Ἴ

251 1110 322 1137 res
354 1099 512 1137 minime
545 1097 777 1148 postularet
809 1101 980 1148 propter
1010 1095 1176 1137 fundum
1209 1097 1425 1136 molendini
1467 1099 1507 1136 in
1539 1098 1705 1151 Bulgar
1743 1110 1872 1137 suum.
1906 1109 1985 1149 quo
2019 1108 2098 1136 ex-
2148 1118 2149 1145 3

251 1170 421 1206 structo.
469 1170 654 1217 tempore
701 1166 979 1205 inundationis
1028 1177 1136 1218 aque
1181 1166 1343 1205 alueum
1389 1168 1596 1217 proprium
1637 1166 1896 1205 excedentis.
1940 1164 2099 1216 prefate
2148 1195 2149 1219 3

249 1235 471 1274 hereditati
504 1236 544 1273 in
577 1236 700 1288 agris
729 1236 859 1286 pratis
892 1237 1061 1285 pascuis
1088 1234 1218 1273 siluis.
1251 1234 1504 1273 incommoda
1537 1246 1619 1273 non
1652 1234 1811 1273 modica
1844 1245 1894 1273 ac
1928 1234 2100 1284 dampna
2148 1233 2149 1246 ¹

250 1314 467 1356 generare
501 1303 823 1353 conprobantur.
888 1301 979 1351 Qua
1020 1302 1072 1341 de
1105 1314 1233 1341 causa
1266 1303 1523 1341 uenerabilis
1564 1303 1697 1342 abbas
1733 1302 2098 1356 Welegradensis
2148 1311 2149 1316 ’

251 1372 542 1410 communicato
576 1371 820 1421 prudentum
857 1371 1038 1410 uirorum
1070 1372 1256 1410 consilio.
1297 1371 1445 1410 dictum
1486 1371 1711 1421 orphanum
1751 1369 1935 1410 sifridum
1969 1372 2098 1410 inter-
2148 1375 2149 1425 ᾖ

250 1439 430 1489 pellauit.
465 1440 658 1490 quatinus
693 1440 733 1478 in
766 1451 934 1478 suorum
967 1440 1250 1478 remissionem
1277 1441 1556 1490 peccaminum
1590 1442 1668 1478 iam
1701 1439 1848 1478 dictam
1881 1438 2096 1478 molendini

250 1518 390 1545 aream
431 1510 472 1545 et
513 1507 787 1558 aqueductum
828 1508 869 1546 in
910 1508 1083 1546 iniurias
1123 1519 1200 1547 sue
1233 1508 1492 1547 hereditatis.
1535 1509 1624 1546 iure
1656 1508 1754 1547 licet
1793 1507 1990 1547 communi
2022 1507 2098 1546 iam
2147 1494 2149 1504 ’

250 1577 379 1614 tercio
413 1575 679 1614 destructum.
706 1577 866 1614 exstrui
899 1587 980 1614 non
1006 1579 1222 1626 pateretur
1254 1580 1296 1615 et
1328 1577 1537 1615 exerceri.
1586 1577 1633 1615 In
1667 1576 1814 1627 quibus
1847 1587 1936 1614 cum
1968 1575 2097 1614 dictus

250 1643 461 1693 orphanus
504 1655 605 1681 suos
645 1644 723 1682 sibi
765 1643 928 1682 diminui
969 1644 1154 1682 redditus
1201 1648 1461 1683 causaretur.
1501 1643 1665 1683 tandem
1706 1644 1860 1694 placuit
1898 1644 2097 1694 utrimque

249 1715 292 1749 ut
325 1712 458 1750 dictus
491 1712 625 1750 abbas
660 1712 755 1750 data
790 1723 943 1751 summa
977 1713 1153 1762 pecunie
1186 1712 1265 1751 hoc
1299 1716 1365 1751 est
1396 1713 1495 1751 XX.
1528 1713 1679 1751 marcis
1713 1713 1752 1751 in
1786 1712 1961 1763 aliquam
1995 1712 2096 1751 esti-

249 1780 342 1818 mati
376 1780 536 1830 dampni
580 1780 1020 1831 recompensationem.
1054 1792 1144 1819 cum
1183 1792 1260 1831 per
1292 1781 1461 1820 duorum
1502 1792 1699 1819 annorum
1733 1781 1939 1819 curricula
1974 1780 2097 1830 pluris

250 1848 315 1887 sit.
348 1848 443 1887 inde
478 1849 731 1898 proueniens
766 1849 1088 1888 emolumentum.
1121 1861 1304 1888 mansum
1346 1850 1463 1887 cuius
1496 1849 1687 1887 limitibus
1720 1848 1978 1899 aqueductus
2012 1859 2097 1886 cum

250 1916 523 1966 suprahabita
555 1917 772 1956 molendini
798 1928 900 1956 area
933 1917 1154 1956 includitur
1178 1929 1228 1956 ac
1261 1918 1447 1957 omnibus
1473 1919 1699 1956 attinentiis
1732 1917 1810 1956 sibi
1843 1917 2096 1956 uendicaret.

251 1986 355 2023 omni
387 1986 522 2035 sopita
564 1985 893 2024 contradictione
932 1990 1135 2036 perpetuo
1177 1986 1481 2037 possidendum.
1544 1987 1609 2024 Ne
1649 1997 1749 2025 uero
1791 1997 1862 2025 res
1895 1989 1989 2025 acta
2021 1985 2097 2024 ali-

251 2053 368 2091 cuius
408 2053 609 2092 calumnia
656 2064 734 2093 seu
783 2065 915 2104 praua
956 2053 1262 2093 machinatione
1303 2055 1436 2104 possit
1482 2055 1523 2092 in
1572 2054 1726 2093 irritum
1775 2054 1869 2093 duci
1906 2054 2097 2104 temporis

252 2131 468 2169 processu.
508 2122 725 2173 utriusque
764 2125 920 2175 rogatu
963 2122 1128 2161 abbatis
1167 2122 1363 2161 uidelicet
1395 2125 1437 2161 et
1477 2121 1609 2161 sifridi
1652 2122 1749 2161 dicti
1782 2123 1955 2174 orphani
1988 2121 2094 2161 hanc

254 2198 392 2227 eorum
441 2190 728 2229 conuentionis
782 2190 982 2244 paginam
1036 2190 1166 2244 sigilli
1213 2191 1345 2229 nostri
1400 2192 1629 2230 serenitate
1676 2189 1848 2230 fecimus
1896 2189 2095 2230 roborari.

254 2255 403 2295 Datum
436 2269 545 2297 anno
579 2258 722 2312 gratie
739 2257 800 2298 M.
820 2256 1137 2300 CC.X[1.1111.
1156 2259 1307 2313 Prage
1339 2270 1416 2310 per
1447 2271 1604 2299 manum
1636 2259 1935 2311 prothonotarii
1968 2256 2094 2298 nostri

255 2323 553 2365 ReimbotoniS.

562 2432 613 2461 Ex
639 2434 827 2472 originali
851 2443 922 2465 cum
946 2434 1053 2475 sigillo
1083 2436 1239 2465 consueto
1264 2434 1422 2465 bilaterali
1453 2435 1483 2465 in
1507 2434 1641 2465 archivo
1666 2433 1813 2474 ejusdem
1837 2434 2032 2465 monasterii.
2052 2449 2093 2455 -

668 2485 743 2513 ltern
768 2487 797 2514 in
822 2485 967 2515 codice
992 2485 1036 2516 W
1047 2485 1308 2516 elehradcnsi
1332 2495 1400 2516 sec.
1426 2485 1501 2516 XV.
1526 2486 1677 2516 initiantis
1703 2486 1722 2515 l'.
1748 2484 1810 2516 32.
