2155 2928
913 167 981 207 45

889 308 1006 348 LIX.

32 413 149 454 Idem
168 413 327 466 fratres
352 411 572 464 hospitalis
593 409 966 461 Hierosolymilam'
989 422 1015 448 α
1043 408 1246 447 solutione
1272 408 1437 459 quintae
1460 408 1596 460 partis
1620 409 1870 458 ,Ulofflmte‘no

76 480 393 533 archiepiscopo
425 479 611 519 absolvit.
672 479 745 518 Dt.
779 478 997 529 Lugduni,
1029 477 1134 516 XII.
1165 475 1388 516 Kalendas
1419 476 1636 527 danum-ii,
1677 476 1826 515 1244.

202 571 482 632 Innocentius
522 589 743 640 episcopus
784 599 933 627 seruus
974 598 1187 627 seruorum
1229 586 1308 625 dei.
1373 586 1618 625 Venerabili
1659 584 1775 625 sratri
1819 616 1827 624 .

33 658 351 708 archiepiscopo
378 657 644 710 Maguntino.
676 656 860 697 Salutem
884 659 925 695 et
956 655 1221 706 apostolicam
1245 654 1590 693 benedictionem.
1639 654 1728 695 Sua
1752 654 1872 693 nobis

33 726 171 765 dilecti
205 724 270 764 filii
303 754 313 763 .
346 754 356 764 .
389 726 594 778 magister
626 728 667 763 et
698 723 850 763 fratres
883 724 1098 774 hospitalis
1137 723 1452 762 lerosolimitani
1484 724 1525 762 in
1557 724 1728 762 Boemia
1762 723 1871 773 peti-

32 794 144 833 tione
188 796 479 832 monstrarunt.
527 792 634 844 quod
680 804 768 831 cum
815 793 1026 832 vniuersis
1072 791 1345 830 ecclesiarum
1394 791 1565 842 prelatis
1614 794 1656 830 et
1701 791 1871 830 clericis

33 861 248 912 prouincie
280 861 621 913 Magantinensis
654 861 807 899 nostris
840 859 1074 898 dederimus
1112 859 1258 897 litteris
1291 859 1330 897 in
1362 859 1577 898 mandatis.
1615 862 1658 898 ut
1691 860 1873 910 quintam

32 932 191 979 partem
223 928 602 967 ecclesiasticorum
635 931 901 979 prouentuum
933 927 1005 966 tibi
1037 926 1212 965 soluant.
1244 930 1287 965 tu
1320 926 1433 977 ipsos
1467 938 1540 977 pro
1574 937 1624 965 eo
1658 926 1766 977 quod
1800 927 1874 965 tibi

34 997 212 1047 quintam
245 1000 399 1047 partem
441 996 492 1034 de
525 998 612 1035 suis
652 996 922 1047 prouentibus
956 1006 1037 1033 non
1080 994 1300 1032 soluebant
1340 997 1434 1044 post
1471 995 1787 1045 appellationem
1819 994 1872 1033 ab

34 1065 96 1103 eis
129 1064 180 1102 ad
220 1076 296 1103 nos
328 1065 609 1114 interpositam
650 1062 1082 1103 excommunicationis
1121 1063 1366 1100 sententiam
1406 1062 1692 1115 promulgasti.
1756 1061 1873 1109 Quo-

33 1132 147 1170 circa
179 1129 425 1170 fraternitati
466 1136 534 1171 tue
568 1143 642 1182 per
680 1131 909 1182 apostolica
942 1131 1098 1180 scripta
1137 1130 1386 1168 mandamus.
1420 1130 1611 1181 quatinus
1652 1131 1687 1168 si
1722 1133 1786 1168 est
1819 1131 1874 1169 ita

34 1200 278 1238 sententiam
318 1200 446 1249 ipsam
494 1201 587 1238 sine
633 1199 814 1251 qualibet
855 1198 1090 1238 difficultate
1139 1198 1352 1237 relaxans.
1400 1209 1475 1236 eos
1523 1209 1652 1249 super
1693 1198 1773 1236 hoc
1822 1198 1874 1237 de

34 1271 178 1306 cetero
211 1279 292 1306 non
324 1268 531 1306 molestes.
579 1268 728 1307 Datum
760 1267 960 1321 Lugduni
992 1267 1089 1306 XII.
1121 1266 1340 1305 Kalendas
1371 1266 1566 1305 Ianuarii.
1606 1264 1875 1306 Pontificatus

35 1335 167 1374 nostri
198 1346 308 1374 anno
341 1335 540 1374 secundo.

341 1432 396 1464 Ex
419 1433 611 1474 originali
634 1434 664 1464 in
687 1433 777 1466 areli.
801 1432 1079 1464 Melitensium
1103 1432 1276 1474 pragae.

910 1597 1005 1637 LX.

45 1689 334 1741 IWnoesIaus,
384 1689 588 1729 Boe‘mz‘ae
632 1702 734 1740 rem,
791 1690 1009 1742 confirmat
1053 1690 1374 1729 transactionem
1421 1691 1526 1729 inter
1579 1691 1876 1729 monasterium

43 1757 367 1798 Welelnvdense
398 1761 437 1797 et
458 1757 671 1811 Sisi-idum
703 1757 936 1809 orphanum
962 1758 1013 1796 de
1037 1757 1274 1797 molendino
1306 1759 1349 1797 in
1376 1758 1570 1808 Bulyarn
1604 1758 1875 1809 (Palmum).

717 1826 790 1865 Dt.
821 1826 1010 1877 Proque,
1049 1825 1201 1865 1244.

206 1916 267 1976 In
299 1936 460 1974 nomine
492 1936 622 1985 patris
653 1938 694 1975 et
725 1934 791 1974 filii
818 1939 860 1975 et
892 1936 1059 1986 spiritus
1083 1936 1230 1975 sancti.
1264 1946 1395 1975 amen.
1443 1936 1544 1990 Ego
1582 1935 1644 1975 W
1648 1936 1875 1975 encezlaus

39 2002 106 2042 dei
137 2003 290 2056 gracia
321 2004 564 2042 Boemorum
597 2015 687 2042 rex.
721 2004 905 2043 omnibus
944 2008 1023 2043 tam
1057 2003 1238 2043 moderni
1272 2014 1391 2054 quam
1422 2002 1548 2042 futuri
1579 2004 1776 2055 temporis
1809 2004 1876 2043 in-

36 2075 289 2121 perpetuum.
352 2071 467 2110 Inter
507 2071 719 2111 innumera
757 2082 838 2122 que
879 2072 930 2111 de
971 2072 1054 2111 alta
1085 2072 1322 2110 iudiciorum
1363 2071 1431 2110 dei
1469 2072 1624 2122 abysso
1666 2072 1876 2122 presentis

37 2139 151 2177 exilii
182 2140 318 2178 uiator
350 2139 501 2189 patitur
539 2138 671 2178 homo.
703 2139 782 2178 hoc
824 2151 987 2191 quoque
1019 2139 1072 2179 ad
1104 2139 1301 2178 cumulum
1340 2139 1681 2179 incommodorum
1714 2140 1878 2179 accedit

38 2206 146 2256 quod
178 2206 384 2244 obliuione
425 2208 617 2245 memoria
650 2205 920 2247 confunditur.
961 2211 1002 2247 ut
1034 2219 1104 2246 res
1143 2208 1414 2246 necessarias
1456 2219 1546 2246 cum
1578 2219 1759 2247 necesse
1791 2220 1875 2247 non

37 2274 90 2312 sit
122 2274 303 2312 cominus
328 2274 609 2324 amplectatur.
644 2279 685 2314 et
716 2275 884 2314 easdem
907 2278 1091 2325 tempore
1124 2279 1324 2325 oportuno
1352 2277 1471 2327 quasi
1503 2275 1733 2329 longinquo
1761 2276 1875 2315 rele-

37 2344 165 2394 gatas
206 2341 330 2380 exilio
364 2342 499 2380 alieno
531 2343 602 2381 uix
634 2343 886 2381 amminiculo
920 2345 1044 2393 queat
1075 2343 1351 2397 inuestigare.
1412 2344 1650 2394 Eapropter
1690 2354 1770 2394 que
1809 2345 1876 2383 in-

36 2409 348 2458 presenciarum
375 2413 582 2463 geruntur
613 2411 819 2450 commoda
841 2413 882 2449 et
912 2411 1038 2450 utilia.
1070 2410 1277 2450 modernis
1303 2415 1344 2450 et
1377 2422 1518 2450 eorum
1551 2412 1875 2451 successoribus

36 2474 262 2525 profutura.
296 2478 438 2527 scripti
471 2478 664 2517 conuenit
694 2479 947 2518 monimentis
986 2479 1173 2518 stabiliri.
1237 2478 1340 2520 Cum
1372 2480 1503 2534 igitur
1535 2484 1678 2519 nostra
1713 2481 1876 2535 regalis

37 2548 223 2593 potestas
256 2555 374 2596 quam
405 2546 522 2585 iuxta
561 2546 787 2596 apostolum
820 2548 982 2587 nonnisi
1014 2560 1039 2587 a
1071 2547 1150 2586 deo
1188 2548 1309 2587 nobis
1348 2548 1555 2587 credimus
1586 2548 1788 2588 collatam.
1822 2548 1873 2588 ad
