2155 2928
1111 184 1210 224 186

234 341 441 370 monemus
474 334 515 369 et
546 329 755 368 hortamur
788 330 943 365 attente
975 323 1216 363 mandantes
1249 326 1454 374 quatenus
1488 325 1661 364 eundem
1694 324 1882 378 electum,
1911 336 1998 365 cum
2022 326 2075 366 ad

236 411 312 437 vos
345 400 589 450 accesserit,
624 409 695 448 pro
723 400 854 446 apost.
888 394 1014 434 Sedis
1048 397 1089 431 et
1122 396 1265 431 nostra
1290 392 1527 431 reuerentia
1553 393 1807 442 recipientes
1830 404 1879 432 ac
1904 393 2074 434 honori-

237 465 313 506 fice
354 471 678 518 pertractantes,
726 465 763 502 ei
805 475 854 501 ac
895 461 1043 500 familie
1085 471 1161 500 sue
1201 459 1253 499 de
1293 460 1551 498 necessariis
1601 464 1643 499 et
1681 471 1832 499 securo
1872 462 2075 504 conductu

237 535 464 574 liberaliter
496 534 719 585 prouidere
752 532 919 583 curetis,
952 531 1008 568 ita
1041 528 1147 579 quod
1182 529 1272 578 ipse
1313 538 1403 566 cum
1441 527 1494 566 ad
1533 539 1609 566 nos
1648 528 1821 568 redierit
1860 534 1986 583 grata
2024 531 2075 572 de

236 603 357 641 vobis
391 601 551 641 referre
584 601 737 651 valeat,
772 609 929 648 nosque
963 597 1222 635 deuotionem
1246 599 1430 635 vestram
1463 596 1637 646 proinde
1670 597 1813 650 dignis
1845 597 1886 636 in
1918 597 2074 639 domino

239 671 427 709 laudibus
470 668 815 718 commendemus,
856 666 1035 716 alioquin
1076 665 1335 718 sententiam,
1376 675 1492 715 quam
1532 665 1609 703 rite
1641 665 1780 704 tulerit
1818 665 1859 704 in
1897 666 2075 707 rebelles

237 744 365 777 ratam
403 738 655 786 habebimus,
682 740 721 773 et
754 732 950 772 faciemus
984 737 1154 772 auctore
1180 733 1339 771 domino
1371 743 1505 784 usque
1538 732 1590 771 ad
1623 732 1948 772 satisfactionem
1974 745 2074 774 con-

239 806 406 859 dignam
440 805 717 855 appellatione
752 806 906 840 remota
941 802 1231 840 inuiolabiliter
1264 801 1494 840 obseruari.
1541 801 1694 841 Datum
1724 802 1942 856 Laterani,
1975 802 2077 844 vlu

239 874 330 913 idus
363 874 530 924 Aprilis.
595 869 860 910 Pontilicatus
894 870 1023 908 nostri
1056 881 1164 909 anno
1196 870 1272 909 xl.

550 968 705 1000 Ibidem
730 987 772 991 —
796 969 935 1009 epistola
957 966 1047 999 917.

1096 1132 1229 1175 CCX.

237 1236 355 1277 Idem
386 1237 605 1276 ecclesiam
636 1237 880 1275 monasterie·
906 1235 1228 1288 Raylzradensis
1260 1235 1522 1275 visitantibus
1555 1236 1834 1287 indulyentias
1867 1236 2076 1289 elaryitur.

659 1306 732 1344 Dl.
765 1306 984 1356 Laterani,
1025 1305 1120 1345 VII.
1152 1305 1257 1344 Idus
1289 1305 1466 1356 Aprilis,
1506 1304 1656 1344 1254.

406 1397 686 1457 Innocentius
721 1417 943 1467 episcopus
977 1427 1126 1454 seruus
1160 1427 1373 1455 seruorum
1408 1416 1487 1455 dei.
1540 1415 1716 1455 Dilectis
1749 1413 1840 1454 filiis
1874 1415 2077 1467 preposito

243 1489 283 1523 et
329 1485 547 1523 conuentui
594 1485 832 1523 monasterii
883 1485 1015 1523 sancti
1065 1484 1177 1523 Petri
1228 1485 1279 1524 de
1328 1484 1536 1535 Rayqrad
1581 1484 1737 1523 ordinis
1778 1484 1824 1524 S.
1866 1484 2077 1524 Benedicti

239 1553 523 1593 olomucensis
552 1553 734 1591 diecesis
763 1553 935 1592 salutem
961 1556 1002 1592 et
1029 1554 1297 1603 apostolicam
1324 1554 1667 1592 benedictionem.
1707 1553 1821 1591 Loca
1847 1559 2076 1592 sanctorum

240 1622 408 1659 omnium
443 1622 507 1671 pia
543 1625 584 1659 et
627 1626 809 1672 prompta
851 1625 945 1660 sunt
988 1621 1209 1660 deuotione
1249 1634 1272 1659 a
1318 1621 1474 1661 Christi
1516 1620 1702 1660 fidelibus
1742 1621 1998 1674 veneranda,
2036 1623 2078 1660 ut

240 1689 328 1727 dum
378 1689 442 1727 dei
483 1689 732 1728 honoramus
773 1691 948 1743 amicos,
990 1691 1066 1742 ipsi
1106 1702 1183 1728 nos
1225 1690 1424 1730 amabiles
1467 1690 1544 1728 deo
1587 1689 1785 1741 reddant,
1825 1693 1866 1728 et
1904 1690 2077 1739 ipsorum
2138 1735 2139 1740 ¹

245 1757 363 1795 nobis
404 1758 664 1796 vendicando
709 1757 1000 1809 quodammodo
1044 1759 1310 1807 patrocinium
1351 1758 1458 1808 apud
1500 1758 1648 1810 ipsum,
1682 1757 1788 1808 quod
1821 1758 1963 1796 merita
1997 1767 2075 1795 non
2137 1799 2139 1816 ε

241 1826 445 1877 obtinent,
488 1837 627 1865 eorum
666 1837 897 1865 mereamur
937 1826 1309 1865 intercessionibus
1348 1826 1549 1864 obtinere.
1619 1825 1741 1864 Licet
1787 1825 1938 1878 igitur,
1977 1825 2080 1863 sicut
2137 1852 2139 1854 -

241 1893 515 1932 intimantibus
550 1895 667 1932 nobis
700 1896 950 1947 accepimuS,
983 1894 1126 1933 fideles
1160 1893 1316 1934 Christi
1349 1894 1401 1933 ad
1435 1894 1656 1932 ecclesiam
1688 1898 1870 1932 vestram
1905 1894 1944 1932 in
1976 1891 2078 1932 festo

240 1961 278 1999 b.
313 1961 441 2014 Petri,
475 1963 513 2000 in
547 1964 664 2001 cuius
699 1963 856 2002 honore
889 1964 979 2013 ipsa
1014 1963 1218 2001 asseritur
1251 1962 1432 2001 ecclesia
1461 1962 1666 2014 dedicata,
1693 1961 1843 2000 deuote
1867 1961 2078 2013 accedant,

240 2040 403 2067 suorum
444 2031 697 2080 impetraturi
737 2033 901 2070 veniam
942 2031 1198 2084 delictorum,
1237 2039 1283 2069 ut
1321 2041 1371 2069 eo
1410 2037 1545 2069 tamen
1593 2030 1785 2068 libentius
1834 2034 1875 2069 et
1913 2029 2077 2068 uberius
2134 2079 2136 2092 7

242 2098 412 2136 veniant
445 2099 494 2136 ad
527 2100 713 2152 eandem,
739 2111 818 2151 quo
852 2099 957 2138 dono
984 2100 1153 2138 celestis
1188 2100 1330 2153 gratie
1363 2099 1558 2138 salutaris
1582 2099 1792 2137 senserint
1815 2109 1862 2136 se
1887 2095 2078 2149 resectos,

240 2165 424 2205 omuibus
457 2178 560 2206 vere
596 2169 871 2217 penitentibus
905 2172 945 2207 et
977 2166 1198 2220 confessis,
1233 2169 1299 2218 qui
1333 2167 1506 2206 eandem
1540 2167 1761 2205 ecclesiam
1795 2167 1834 2204 in
1868 2167 1942 2205 iam
1974 2165 2077 2204 dicto

244 2231 350 2271 festo
386 2236 686 2275 venerabiliter
719 2237 903 2289 visitant,
936 2237 1144 2276 annuatim
1176 2236 1270 2275 XL.
1310 2236 1400 2275 dies
1432 2236 1483 2274 de
1524 2237 1706 2274 iniuncta
1744 2235 1821 2274 sibi
1856 2232 2075 2285 penitentia
2132 2246 2134 2267 ;

242 2302 562 2341 misericorditer
596 2304 843 2344 relaxamus.
914 2305 1063 2344 Datum
1096 2305 1296 2344 Laterani
1332 2304 1425 2344 vll.
1458 2303 1557 2344 Idus
1589 2303 1759 2355 Aprilis.
1813 2299 2075 2342 Pontificatus
2132 2307 2133 2313 ¹

252 2370 380 2407 nostri
413 2382 519 2409 anno
553 2372 627 2410 xl.

550 2468 578 2499 E
607 2472 721 2510 copia
750 2469 934 2511 ejusdem
960 2472 1144 2502 monasterii
1167 2479 1187 2503 a
1212 2471 1249 2502 R.
1273 2470 1313 2502 D.
1337 2470 1501 2501 Abbate
1530 2469 1700 2501 Victore
1725 2468 1950 2501 Schlossar
1974 2468 2079 2498 trans-

656 2531 764 2553 missa.
