2155 2928
923 162 990 202 25

39 303 288 345 Herbordus
318 304 522 343 notarius.
574 303 874 342 Berterramus
906 302 958 342 de
991 303 1221 342 Puztemir.
1269 301 1476 343 canonica·
1509 301 1809 342 olomucenses
1842 307 1885 344 et

39 373 105 412 alii
145 383 262 423 quam
303 372 457 423 plures.
520 372 667 411 Actum
713 371 755 410 in
794 370 942 410 sinodo
987 374 1131 409 nostra
1179 372 1224 409 in
1264 371 1496 409 Paztemir.
1559 372 1684 410 Anno
1734 371 1883 412 domini

37 439 327 481 MCCXLIII.
359 441 479 480 XIII.
511 439 729 478 Kalendas
759 439 931 490 Aprilis.
994 437 1262 478 Pontificatus
1296 440 1427 478 nostri
1459 450 1567 478 anno
1601 439 1802 479 secundo.

346 538 400 569 Ex
423 538 617 579 originali
640 539 670 568 in
693 537 784 569 arch.
807 537 1086 569 Melitensium
1111 537 1250 578 Pragae.

857 702 1067 742 XXXIX.

40 805 279 855 conradus,
300 805 520 857 episcopus
542 803 846 851 olomucensis,
863 805 1114 843 monasterio
1131 804 1403 856 Lucensijns
1419 807 1664 856 patronatus
1683 805 1886 845 ecclesiae

133 875 177 912 in
208 872 485 912 P1·03171e'1'·ice
517 873 744 924 confirmat.
797 873 865 911 m.
897 873 941 911 in
970 871 1216 923 Man-§herm
1250 873 1310 910 II.
1342 873 1445 912 Kal.
1478 874 1602 925 Most,
1643 873 1793 913 1243.

170 963 242 1025 C.
276 982 344 1022 dei
375 983 528 1037 gracia
561 983 842 1021 olomucensis
865 983 1101 1033 Episcopus
1135 983 1320 1021 omnibus
1353 984 1392 1022 in
1427 988 1682 1034 perpetuum.
1730 986 1885 1025 Iustum

39 1054 105 1090 est
137 1056 177 1090 et
208 1051 384 1090 honeste
418 1062 639 1089 consonum
672 1051 836 1089 rationi.
869 1054 911 1089 ut
943 1062 1014 1089 res
1047 1051 1233 1104 legitime
1266 1056 1359 1090 acta
1394 1052 1618 1090 litterarum
1651 1054 1884 1093 testimonio

39 1121 271 1159 roboretur.
333 1119 481 1159 Notum
522 1119 652 1172 igitur
698 1129 795 1157 esse
834 1119 1019 1158 uolumus
1065 1123 1146 1158 tam
1187 1120 1452 1168 presentibus
1494 1118 1650 1159 Christi
1696 1119 1884 1160 fidelibus

39 1199 158 1239 quam
190 1185 337 1226 suturis
370 1186 478 1237 quod
511 1186 629 1225 nobis
661 1198 743 1225 una
776 1198 866 1225 cum
897 1187 1069 1237 prelatis
1103 1191 1244 1225 nostre
1279 1187 1459 1226 diocesis
1492 1188 1532 1226 in
1566 1188 1715 1226 domini
1754 1190 1884 1228 nostri

38 1255 180 1309 Regis
214 1254 488 1305 eriizezlay
520 1255 696 1308 gloriosi
738 1255 979 1294 Boemorum
1013 1256 1226 1305 presentia
1267 1256 1514 1294 constitutus
1547 1257 1587 1294 in
1620 1261 1744 1295 sexta
1777 1255 1884 1296 feria

38 1328 136 1362 ante
169 1323 275 1362 diem
308 1323 527 1373 palmarum
560 1334 668 1361 anno
709 1322 857 1361 domini
890 1322 949 1362 Μ.
983 1321 1073 1363 CC.
1112 1323 1270 1362 XLIII.
1311 1323 1486 1362 dilectus
1519 1325 1559 1362 in
1601 1322 1772 1363 Christo
1812 1325 1885 1364 Io-

40 1391 204 1430 hannes
249 1390 394 1430 Abbas
427 1390 479 1429 de
518 1390 649 1430 Luca.
682 1391 734 1429 ab
775 1390 919 1430 eodem
953 1390 1113 1429 domino
1154 1391 1284 1443 Rege
1325 1390 1528 1431 humiliter
1567 1392 1802 1443 postulauit.
1840 1396 1886 1433 ut

39 1459 104 1498 ius
136 1470 252 1498 suum
292 1458 400 1509 quod
433 1459 473 1497 ei
510 1459 552 1497 in
584 1459 767 1498 ecclesia
809 1458 860 1497 de
893 1459 1172 1498 Pro-zemeriz
1211 1460 1403 1510 competit
1434 1460 1511 1498 sibi
1546 1464 1886 1514 recognosceret

38 1530 82 1566 et
112 1537 163 1566 eo
189 1527 444 1577 permitteret
476 1537 566 1565 eum
591 1524 682 1565 frui.
715 1526 900 1565 dominus
925 1537 1027 1566 uero
1060 1527 1157 1565 Rex
1189 1527 1327 1566 habito
1355 1528 1528 1566 consilio
1561 1528 1640 1567 hoc
1669 1530 1884 1582 negotium

37 1597 181 1634 nostro
221 1595 419 1634 commisit
465 1594 643 1633 examini
685 1593 915 1633 finiendum.
954 1599 998 1633 ut
1044 1596 1080 1633 si
1126 1596 1189 1633 ius
1229 1600 1345 1635 esset
1391 1607 1464 1646 pro
1513 1596 1673 1635 domino
1712 1597 1884 1637 Abbate

37 1661 265 1714 predictam
313 1662 537 1701 ecclesiam
583 1663 662 1701 sibi
711 1661 1042 1702 confirmaremus
1082 1664 1342 1703 Auctoritate
1390 1664 1535 1718 Regia
1574 1664 1654 1704 hoc
1701 1666 1884 1705 uolente.

38 1730 128 1770 Nos
160 1741 262 1769 uero
295 1731 385 1769 uiso
420 1731 686 1769 instrumento
719 1742 846 1781 super
878 1732 1084 1770 nominata
1116 1732 1299 1770 ecclesia
1333 1730 1524 1771 confecto
1564 1737 1605 1772 et
1637 1733 1883 1787 diligentius

39 1800 285 1838 examinato.
319 1798 425 1849 quod
453 1798 558 1836 idem
589 1798 736 1837 Abbas
761 1799 881 1838 nobis
916 1799 1166 1849 postmodum
1192 1801 1461 1850 presentauit.
1495 1800 1654 1839 domino
1683 1799 1882 1841 Cunrado

40 1867 242 1918 quondam
274 1867 513 1905 Brunnensi
552 1868 725 1905 notario.
758 1867 864 1905 illius
904 1868 1086 1906 ecclesie
1120 1867 1310 1918 plebano.
1350 1869 1413 1906 ius
1446 1880 1560 1907 suum
1595 1870 1714 1908 etiam
1749 1869 1882 1909 eidem

38 1935 194 1974 Abbati
228 1946 367 1974 coram
401 1935 520 1974 nobis
553 1936 815 1988 resignante.
849 1935 955 1986 quod
995 1936 1074 1974 sibi
1106 1936 1147 1974 in
1179 1935 1247 1974 illa
1280 1936 1464 1975 ecclesia
1497 1937 1772 1987 competebat.
1806 1949 1883 1976 nos

38 2001 198 2041 domino
231 2002 386 2042 Abbati
420 2006 462 2041 et
493 2003 676 2042 ecclesie
715 2014 792 2041 sue
825 2003 1017 2042 Lucens'r
1042 2004 1104 2042 ius
1146 2007 1387 2054 patronatus
1429 2005 1612 2044 ecclesie
1645 2005 1685 2044 in
1719 2005 1883 2045 Proze-

38 2071 165 2109 meriz
209 2071 472 2109 Auctoritate
520 2071 666 2124 Regia
705 2071 824 2110 nobis
872 2072 1087 2110 commissa
1132 2072 1320 2111 duximus
1371 2071 1701 2112 confirmandum.
1750 2074 1883 2113 eidem

37 2138 194 2178 Abbati
228 2142 270 2177 et
302 2139 485 2178 ecclesie
517 2150 593 2178 sne
626 2141 688 2178 ius
721 2140 935 2190 spirituale
968 2140 1251 2180 nichilominus
1284 2139 1566 2181 conferentes.
1629 2143 1685 2182 Et
1717 2153 1770 2181 ne
1805 2142 1883 2182 do-

38 2207 144 2245 mino
176 2206 333 2246 Abbati
358 2218 486 2257 super
519 2208 701 2247 ecclesia
725 2209 940 2259 sepedicta
975 2212 1120 2259 postea
1145 2210 1307 2259 quest10
1340 2209 1407 2248 uel
1440 2220 1676 2263 grauamen
1709 2211 1882 2250 oriatur.

38 2285 116 2314 nos
144 2274 182 2313 ei
207 2285 335 2325 super
359 2285 410 2313 ea
436 2279 672 2325 presentem
696 2277 891 2329 paginam
918 2276 1020 2315 dari.
1046 2280 1087 2315 et
1106 2277 1235 2330 sigilli
1257 2278 1388 2316 nostri
1413 2279 1670 2329 appensione
1689 2279 1882 2318 iussimus

38 2341 242 2381 roborari.
304 2342 437 2381 Huius
479 2343 540 2381 rei
581 2347 713 2382 testes
753 2348 847 2382 sunt
879 2345 946 2383 hii.
985 2344 1276 2384 Theudoricus
1317 2346 1465 2385 Abbas
1499 2346 1550 2385 de
1583 2346 1881 2386 Zabardowiz.

37 2409 239 2463 sygerus
281 2410 468 2449 decanus
516 2411 814 2451 olomucensis.
859 2412 1080 2453 Cunradus
1129 2414 1331 2465 quondam
1380 2415 1642 2453 Brvnnensis
1681 2416 1880 2455 notarius.

39 2475 171 2517 frater
180 2478 375 2518 ericus
386 2477 702 2519 Commendator
720 2481 860 2520 domus
870 2481 1188 2520 Teutonicorum
1200 2482 1251 2520 de
1263 2480 1650 2521 Nuzedeliz.s1·ate¹·
1668 2483 1880 2522 Iohannes

39 2547 231 2598 supprior
261 2547 484 2587 Lucensis.
526 2546 655 2588 frater
696 2548 984 2604 Rudengerus
1024 2551 1251 2589 canonicus
1294 2551 1333 2589 in
1367 2550 1663 2591 Zabardowiz.
1728 2552 1879 2590 Datum
