2155 2928
1123 161 1228 201 362

1046 298 1301 343 CCCLXH.

256 409 480 459 otakarus,
512 420 595 447 rex
625 407 827 446 Bob'me'ae
858 407 896 442 el
924 402 1112 442 marchio
1144 403 1381 453 Mon-aviae,
1413 401 1602 441 concedit
1630 404 1882 442 monasterio
1907 404 2091 446 Zur-emi

254 489 375 515 usam
407 480 445 515 el
466 478 675 527 quaes-(mn
708 473 758 511 cle
782 473 877 510 ‹na-i
909 474 946 508 ec
971 470 1133 519 aryenti
1160 469 1336 520 fodinis,
1362 470 1400 508 si
1431 482 1536 520 quae
1559 471 1603 508 in
1634 470 1886 509 haereditate
1911 472 2090 523 ejusdem

481 545 668 594 repertae
695 541 865 592 fuerint.
928 539 1000 576 m.
1033 537 1238 587 Ιθῖαυίαθ,
1270 535 1350 576 IV.
1383 536 1487 576 Idus
1519 539 1682 588 Martii,
1722 538 1873 577 1264.

399 635 641 694 ottakarus
683 648 763 687 Dei
805 647 956 700 gracia
995 646 1094 685 Rex
1132 645 1405 685 Bohemorum
1443 646 1544 685 Dux
1587 647 1759 687 Austrie
1798 650 1841 687 et
1878 646 2019 699 Styrie
2049 652 2090 691 et

254 720 446 761 Marchio
479 718 685 757 Mol-avie.
747 714 970 756 Universis
1003 714 1212 753 Iudicibus
1244 714 1487 755 Urburariis
1514 714 1862 754 Procuratoribus
1894 719 1936 754 et
1966 716 2090 756 Mon-

254 790 362 827 tanis
395 786 589 826 Montium
623 794 799 835 snorum⁷
833 783 1023 835 graciam
1056 793 1171 820 suam
1205 785 1246 820 et
1278 793 1396 820 omne
1437 782 1597 820 bonum.
1660 783 1728 821 Ex
1760 782 1942 836 Regalis
1975 782 2090 824 officii

257 855 384 893 nostri
437 852 572 891 debito
622 851 811 888 uolentes
850 850 1073 900 unicuique
1121 853 1163 888 et
1204 850 1403 899 precipue
1443 849 1537 888 Deo
1579 849 1844 889 militanthus
1885 851 1981 890 Iura
2018 862 2091 894 sua

254 923 405 960 illibata
438 929 624 970 seruare,
657 920 880 970 gratanter
912 917 1153 956 admittimus
1187 920 1228 956 et
1260 917 1450 970 benigne
1483 916 1592 968 quod
1626 918 1775 957 Abbas
1818 920 1860 957 et
1898 918 2090 960 Ecclesia

253 989 403 1028 Fontis
444 989 584 1025 sancte
621 987 762 1025 Marte
806 986 850 1023 in
887 984 976 1025 Sar
1016 996 1073 1024 ex
1111 986 1281 1038 integro
1329 985 1533 1036 percipiat
1573 997 1689 1025 usum
1738 988 1780 1025 et
1819 989 2004 1037 questum
2041 986 2091 1028 de

254 1054 509 1107 aut-isbdinis
541 1057 580 1091 et
608 1053 932 1105 arqentifadinis
964 1054 998 1091 si
1026 1064 1106 1104 que
1139 1057 1307 1103 reperte
1339 1051 1491 1092 fuerint
1524 1054 1564 1092 in
1597 1053 1832 1093 hereditate
1865 1055 2091 1105 pertinente

255 1123 422 1175 eisdem,
458 1133 574 1172 quem
615 1121 745 1159 ceteri
778 1121 1026 1159 claustrales
1066 1125 1107 1159 et
1138 1120 1314 1159 Nobiles
1354 1124 1468 1159 terre
1502 1125 1644 1160 nostre
1683 1122 1723 1159 in
1757 1121 1988 1161 hereditate
2018 1133 2091 1162 sua
2151 1151 2153 1177 4

255 1202 310 1230 ex
343 1190 451 1228 dicto
477 1189 661 1242 negocio
695 1189 913 1239 percipere
938 1191 1259 1241 consueuerunt,
1292 1189 1369 1227 sub
1397 1189 1567 1228 obtentu
1601 1200 1871 1239 personarum
1897 1193 1939 1229 et
1962 1200 2091 1230 rerum

255 1258 479 1297 districtius
519 1257 755 1295 inhibentes
795 1268 847 1295 ne
889 1258 980 1308 quis
1014 1258 1192 1307 ipsorum
1234 1257 1426 1307 impediat
1466 1257 1504 1294 in
1539 1258 1752 1307 premissis
1792 1257 1922 1296 saluis
1960 1260 2091 1298 tamen
2148 1240 2151 1316 Ξ

253 1326 410 1364 iuribus
443 1325 596 1363 nostris
637 1335 716 1375 que
749 1324 902 1363 exinde
944 1336 1018 1363 nos
1051 1325 1311 1378 contingunt.
1377 1325 1524 1363 Datum
1563 1326 1603 1363 in
1635 1325 1732 1378 Igla
1771 1325 1895 1365 Anno
1933 1325 2092 1366 Domini
2148 1351 2149 1379 3

254 1394 314 1434 M.
350 1391 437 1434 CC.
468 1393 562 1433 LX.
594 1392 670 1433 lV.
705 1396 850 1444 quarto
882 1392 980 1431 Idus
1013 1393 1168 1432 Martii.
1201 1393 1347 1446 Regni
1381 1392 1511 1431 nostri
1541 1393 1666 1432 Anno
1698 1393 1844 1432 tercio.

559 1498 869 1540 Autographum
898 1508 969 1530 cum
997 1499 1135 1540 sigillo
1159 1499 1453 1530 venustissimo
1480 1500 1512 1530 in
1543 1499 1678 1530 archivo
1707 1498 1888 1539 ejusdem
1914 1499 2093 1533 monasterii
2144 1514 2146 1519 ’

673 1551 877 1584 asservatur.
899 1567 940 1573 —-
962 1550 1131 1585 Excusum
1154 1549 1244 1582 dedit
1267 1549 1496 1583 steinbach
1518 1567 1560 1573 --
1581 1550 1626 1583 11.
1648 1559 1681 1594 p.
1703 1548 1769 1583 20.

1043 1721 1319 1766 CCCLXIH.

257 1826 419 1874 Brimo,
454 1826 674 1876 episcopus
703 1825 1006 1877 olomucensis,
1041 1825 1253 1873 Conrado,
1283 1825 1447 1878 famulo
1477 1837 1567 1876 suo,
1591 1825 1701 1865 dieto
1727 1825 1778 1865 de
1810 1824 2090 1877 „Hucsaria'ss

255 1894 397 1931 villam
430 1892 656 1944 By'lfowe'ee
682 1896 720 1931 et
745 1893 885 1932 decem
921 1906 1090 1932 marcas
1116 1893 1166 1934 ab
1191 1893 1333 1932 abbate
1359 1893 1602 1945 Trebje'ensi
1625 1906 1762 1932 amine
1790 1892 2090 1947 percipiendas,

255 1972 415 1999 aec-non
446 1962 569 2000 villas
603 1960 857 2016 Gajlsowice
889 1965 927 2000 et
956 1962 1153 2001 Jlesslasow
1186 1962 1350 2013 confert
1379 1963 1422 2000 in
1451 1961 1637 2013 feudwn.
1686 1963 1843 2001 Datum
1878 1960 2089 2011 Olontucii,

832 2029 919 2068 ΙΙΙ.
953 2029 1176 2070 Kalendas
1208 2030 1332 2082 Maji,
1371 2029 1521 2069 1264.

394 2120 557 2179 Bruno
585 2139 649 2177 dei
676 2140 816 2193 gratia
835 2140 1071 2189 Episcopus
1097 2138 1395 2179 Olomucensis.
1440 2138 1640 2185 Conrado
1664 2136 1811 2178 famulo
1834 2149 1908 2178 suo
1933 2137 2088 2191 dilecto,

261 2205 368 2244 dicto
401 2207 450 2244 de
483 2208 699 2246 Hac-saria
739 2211 780 2246 et
811 2207 1037 2246 heredibus
1070 2208 1157 2246 suis
1198 2208 1238 2245 in
1273 2209 1526 2257 perpetuum.
1588 2207 1769 2257 Equitati
1804 2207 2023 2257 proximum
2053 2205 2091 2243 et

263 2274 406 2311 rationi
442 2285 520 2312 non
555 2275 762 2313 dissonum
796 2275 1042 2313 arbitramur
1074 2279 1118 2314 vt
1150 2274 1200 2313 ad
1236 2273 1379 2313 fideles
1413 2278 1578 2313 nostros
1611 2275 1678 2325 qui
1710 2274 1830 2313 nobis
1853 2277 1894 2313 et
1917 2271 2090 2312 ecclesie

261 2344 416 2392 nostre7
455 2353 535 2379 non
576 2346 800 2392 parcentes
841 2343 968 2381 rebus
1008 2346 1050 2382 et
1088 2345 1279 2393 personis
1318 2341 1494 2381 fideliter
1533 2343 1721 2381 seruiunt
1765 2345 1807 2381 et
1847 2343 2090 2391 constanter,

266 2408 546 2447 retributionis
580 2422 737 2448 manum
769 2411 997 2450 liberaliter
1029 2411 1316 2464 extendamus,
1358 2414 1401 2449 ut
1439 2412 1480 2449 in
1512 2411 1666 2450 eisdem
1701 2411 1860 2460 possint
1891 2407 2089 2448 efficacius
2126 2418 2127 2424 ¹

267 2475 498 2523 persistere
545 2478 750 2531 sernieiis7
791 2479 1053 2529 ipsorumque
1099 2479 1236 2532 magis
1286 2489 1396 2532 erga
1444 2489 1520 2517 nos
1567 2481 1608 2516 et
1654 2478 1873 2516 ecclesiam
1920 2478 2089 2515 nostram

267 2540 430 2580 deuotio
471 2546 512 2582 et
552 2542 725 2585 fidelitas
765 2546 1032 2586 exardescat.
1098 2547 1208 2586 Hinc
1256 2549 1322 2586 est
1367 2546 1474 2598 quod
1518 2557 1596 2587 nos
1642 2548 1864 2600 gratanter
1900 2540 2089 2595 inspectis
2122 2554 2124 2558 ’
