2155 2928
960 190 1063 232 237

94 328 211 368 uobis
243 328 489 367 auctoritate
513 330 765 379 presentium
798 329 850 369 de
873 331 1014 383 gratia
1046 331 1308 370 concedimus
1332 331 1519 384 speciali⁷
1551 334 1594 370 ut
1618 343 1706 370 cum
1729 333 1768 371 in
1792 333 1927 385 aliquo

94 395 222 434 uestri
256 395 411 434 ordinis
445 394 636 446 Capitulo
668 397 736 436 uel
769 396 988 438 Conuentu
1021 398 1071 437 de
1104 398 1346 448 prouinciali
1379 402 1449 437 aut
1475 397 1748 438 Conuentuali
1781 400 1928 440 Priore

96 463 324 502 occurrerit
356 463 504 502 electio
527 462 719 503 facienda
751 466 786 503 si
814 476 869 504 ex
901 466 1036 516 aliqua
1061 476 1189 504 causa
1221 464 1368 504 factam
1394 465 1637 504 electionem
1670 478 1694 505 a
1727 465 1927 506 fratribus

100 530 281 569 eiusdem
314 530 470 569 ordinis
496 542 664 582 quorum
696 533 872 571 interest
903 544 983 571 non
1008 533 1226 586 contingat
1257 531 1430 572 forsitan
1462 531 1705 587 confirmari⁷
1738 536 1930 585 superior

96 597 148 636 ad
181 607 298 647 quem
329 595 580 637 confirmatio
614 598 830 637 electionis
862 599 1089 638 huiusmodi
1122 601 1300 650 pertinet
1332 600 1504 651 aliquem
1537 600 1589 639 de
1622 601 1700 640 illis
1732 600 1930 641 fratribus

99 674 201 715 quos
232 664 310 714 ipsi
347 664 554 703 electores
586 665 653 703 uel
678 667 807 704 maior
838 678 937 716 pars
970 678 1108 705 eorum
1142 678 1216 717 per
1247 668 1406 706 litteras
1437 679 1538 706 suas
1570 668 1622 706 ab
1656 678 1706 707 eo
1739 669 1932 718 petierint

99 730 259 782 quando
293 731 347 770 ad
372 732 501 782 ipsum
534 743 608 782 pro
632 733 768 771 Electi
802 732 1106 773 confirmatione
1128 735 1405 773 transmittunt
1431 735 1492 774 eis
1517 735 1568 774 de
1595 739 1738 775 nostra
1764 736 1932 775 licentia

99 799 332 837 concedere
363 799 503 838 ualeat
542 800 583 838 in
616 800 806 850 priorem.
869 801 954 839 Per
991 801 1070 840 hoc
1103 802 1207 840 enim
1247 805 1289 840 et
1321 802 1534 841 discursus
1571 801 1739 842 fratrum
1779 808 1820 842 et
1851 804 1931 842 alia

101 866 384 917 impedimenta
424 877 504 917 que
543 871 716 917 possent
754 879 978 907 occurrere
1018 869 1221 907 credimus
1261 870 1421 908 euitari.
1482 870 1591 908 Nulli
1630 881 1738 923 ergo
1772 872 1931 909 omnino

101 934 300 974 hominum
332 934 458 973 liceat
496 934 604 974 hanc
636 936 833 988 paginam
867 940 1008 974 nostre
1048 938 1334 975 concessionis
1375 935 1610 989 infringere
1649 938 1717 976 uel
1758 938 1795 976 ei
1828 949 1932 976 ausu

101 992 319 1040 temerario
352 1002 574 1040 contraire.
636 1002 683 1041 Si
725 1003 817 1053 quis
850 1007 983 1041 autem
1016 1004 1094 1041 hoc
1127 1008 1369 1054 attemptare
1402 1006 1699 1054 presumpserit
1730 1004 1932 1057 indigna-

102 1069 250 1107 tionem
282 1070 568 1119 omnipotentis
609 1070 675 1108 dei
719 1074 761 1108 et
798 1071 1009 1109 beatorum
1050 1071 1163 1109 Petri
1206 1075 1247 1110 et
1286 1071 1404 1110 Pauli
1446 1071 1720 1121 apostolorum
1761 1072 1850 1109 eius
1884 1082 1933 1110 se

102 1137 262 1175 nouerit
293 1136 563 1175 incursurum.
611 1137 761 1176 Datum
793 1138 994 1177 Laterani
1026 1138 1166 1177 XVII.
1198 1139 1415 1177 Kalendas
1446 1139 1617 1189 Aprilis.
1664 1136 1932 1177 Pontificatus

103 1203 231 1243 nostri
262 1204 385 1243 Anno
418 1204 584 1243 Tercio.

406 1279 460 1312 Ex
483 1280 677 1322 originali
701 1280 965 1315 Praedicatorum
989 1279 1194 1314 Olomucii.

945 1402 1096 1444 CCLI.

104 1480 221 1520 Idem
249 1482 379 1534 fiatri
408 1482 734 1522 Bartholomaeo
766 1482 817 1521 de
847 1484 1025 1522 Boemia
1055 1484 1294 1535 facultatem
1326 1482 1514 1522 concedit
1542 1482 1782 1521 absolvenda·
1813 1494 1937 1520 cruce

137 1550 325 1600 siynatos
363 1550 567 1589 adt-ersus
599 1550 836 1589 Lithmmos
874 1564 899 1589 a
931 1553 1128 1589 sententia
1170 1552 1355 1589 canonis.
1417 1552 1490 1590 Dc.
1522 1551 1740 1600 Laterani,
1773 1549 1907 1589 Nonis

839 1618 1015 1669 Aprilis,
1055 1617 1203 1657 1257.

246 1682 516 1742 Alexander
563 1702 784 1752 episcopus
830 1712 980 1740 seruus
1032 1713 1244 1740 seruorum
1301 1700 1379 1738 dei.
1462 1700 1626 1738 Dilecto
1681 1697 1760 1738 filio
1815 1697 1935 1738 fratri

107 1767 396 1810 Bartholomeo
439 1768 490 1807 de
533 1769 704 1808 Boemia
738 1769 893 1807 ordinis
926 1767 1093 1807 fratrum
1133 1769 1339 1807 Minorum
1380 1766 1551 1805 salutem
1595 1770 1635 1805 et
1674 1767 1939 1816 apostolicam

103 1834 443 1874 benedictionem.
537 1836 593 1877 Ut
647 1836 900 1874 commissum
957 1836 1027 1873 tibi
1076 1833 1246 1873 officium
1293 1834 1534 1884 predicandi
1579 1833 1751 1872 verbum
1800 1833 1939 1871 crucis

106 1906 247 1941 contra
271 1903 505 1956 Litwanos‚
530 1904 809 1942 Iatuenzenos
835 1907 875 1941 et
900 1903 1117 1940 Ruthenos
1141 1913 1191 1940 ac
1215 1902 1318 1940 alios
1351 1912 1545 1953 paganos
1578 1904 1620 1939 et
1652 1900 1939 1939 schismaticos

106 1968 262 2008 illarum
295 1971 466 2020 partium
499 1981 702 2020 prospere
736 1973 907 2008 auctore
940 1970 1099 2007 domino
1132 1971 1171 2007 in
1204 1970 1284 2007 tuis
1316 1968 1500 2006 manibus
1542 1968 1763 2020 dirigatur,
1797 1967 1941 2006 absol-

103 2036 227 2074 uendi
259 2049 284 2076 a
316 2039 522 2076 sententia
549 2038 721 2076 canonis
755 2038 868 2075 iuxta
895 2035 1059 2074 formam
1093 2037 1273 2075 ecclesie
1300 2046 1375 2085 per
1407 2040 1448 2073 te
1478 2046 1527 2073 ac
1561 2035 1664 2073 alios
1698 2033 1850 2072 fratres
1882 2034 1940 2072 tui

109 2103 262 2145 ordinis
295 2104 347 2143 ad
371 2104 450 2142 hoc
478 2104 650 2142 idoneos
675 2104 779 2155 illos7
813 2104 879 2154 qui
904 2108 1047 2141 contra
1072 2104 1281 2152 predictos
1304 2103 1574 2140 assumserint
1599 2103 1764 2154 signum
1790 2101 1940 2154 crucis,

107 2169 316 2210 dummodo
356 2173 396 2209 in
435 2172 628 2221 personis
676 2171 852 2220 propriis
895 2175 1024 2208 ratum
1063 2169 1289 2208 huiusmodi
1330 2172 1648 2220 prosequantur7
1695 2169 1942 2206 auctoritate

109 2237 182 2276 tibi
215 2239 463 2288 presentium
496 2238 760 2276 concedimus
789 2236 1036 2289 facultatem7
1070 2238 1237 2286 prouiso
1271 2237 1377 2287 quod
1400 2236 1627 2274 huiusmodi
1661 2235 1941 2274 excommuni-

111 2305 193 2342 cati
225 2315 352 2354 super
374 2305 454 2343 hoc
487 2302 746 2343 satisfaciant
779 2308 820 2342 et
843 2308 1049 2355 tenentur7
1083 2307 1124 2342 et
1150 2304 1328 2341 iniuncto
1363 2304 1424 2341 eis
1457 2315 1480 2341 a
1514 2307 1556 2341 te
1589 2303 1656 2341 vel
1689 2314 1713 2340 a
1746 2300 1943 2340 fratribus

110 2371 227 2423 ipsis7
267 2371 373 2421 quod
417 2371 468 2409 de
507 2372 596 2411 iure
637 2369 761 2409 suerit
798 2371 1107 2424 iniungendum.
1170 2370 1320 2409 Datum
1361 2370 1576 2423 Laterani7
1615 2370 1734 2409 nonis
1772 2368 1942 2419 Aprilis.

109 2436 379 2477 Pontificatus
412 2438 541 2475 nostri
574 2449 681 2475 anno
713 2438 848 2476 tertio.

415 2513 469 2546 Ex
492 2513 731 2554 apographo
760 2514 943 2554 Regesto
965 2512 1196 2544 Alexandri
1220 2522 1326 2553 papae
1355 2513 1413 2543 IV.
1437 2514 1509 2544 anni
1532 2513 1594 2544 Ill.
1619 2513 1712 2552 epist.
1737 2510 1827 2544 310.
1850 2511 1946 2542 —in

517 2564 681 2595 tabulariis
705 2564 933 2595 Vaticanis.
957 2581 998 2586 -—-
1020 2563 1187 2595 Excusum
1210 2563 1295 2604 apud
1318 2563 1534 2605 W'adding.
1556 2581 1600 2586 -
1622 2563 1679 2594 lv.
1703 2563 1786 2603 ch.
1812 2561 1903 2593 454.
