2155 2928
962 164 1024 204 19

67 314 116 343 se
139 303 299 342 duobus
325 303 472 357 digitis
498 304 768 357 expurgabit.
813 305 907 344 Hec
939 306 1078 356 itaque
1102 306 1303 345 vniuersa
1328 307 1577 357 prescripta.
1602 307 1710 346 sicut
1735 320 1759 346 a
1785 309 1905 348 nobis

65 371 122 410 ita
155 372 276 410 etiam
308 383 334 410 a
366 372 521 410 nostris
553 372 779 411 heredibus
812 375 854 411 et
879 374 1198 412 successoribus
1230 374 1419 412 volumus
1445 375 1687 414 intemerata
1721 376 1905 425 perhen-

64 440 173 478 niter
197 439 428 478 obseruari.
475 439 585 478 Acta
609 444 705 478 sunt
736 440 816 479 hec
843 452 951 479 anno
980 441 1179 480 dominice
1204 434 1508 480 incarnationis
1525 442 1586 481 M.
1612 441 1701 482 CC.
1720 443 1815 482 XL.
1832 444 1906 482 111.

62 508 217 548 Mense
240 507 450 546 Ianuario.
488 507 718 547 Indictione
743 508 942 548 secunda.
990 509 1140 548 Datum
1166 509 1315 563 Prage
1343 520 1418 560 per
1440 522 1599 549 manum
1625 511 1740 549 curie
1764 514 1907 550 nostre

63 576 213 615 notarii
245 575 557 614 Rembothonis.

371 693 425 725 Ex
448 693 642 735 originali
667 692 814 734 ejusdem
838 695 990 726 civitatis.
1013 713 1056 718 —
1077 694 1243 727 Excusum
1267 694 1421 726 ibidem.

885 880 1095 920 XXXIV.

72 1002 356 1052 Wenceslaus‚
388 1014 472 1041 rex
494 1002 710 1053 Βοέηιίαε,
739 1003 951 1042 Litorium
982 1004 1183 1041 civ-itatem
1215 1016 1240 1042 (ι
1281 1004 1474 1042 Tartaris
1506 1003 1758 1044 destructam
1789 1007 1908 1057 alque

259 1068 487 1109 desolatam
519 1073 738 1109 restaurat.
805 1071 874 1109 ΠΙ.
906 1071 1096 1121 Progne,
1128 1081 1268 1109 mense
1300 1072 1526 1123 ιΙαηαανὶο,
1565 1072 1718 1111 1243.

236 1174 296 1234 In
323 1193 485 1232 nomine
507 1196 654 1231 sancte
681 1197 723 1231 et
744 1192 954 1231 indiuidue
981 1194 1188 1232 trinitatis.
1234 1193 1322 1232 Nos
1346 1193 1642 1233 XVencezlaus
1669 1194 1735 1233 dei
1761 1196 1904 1248 gratia

66 1271 147 1299 rex
181 1260 449 1299 Bohemorum
482 1265 665 1312 quartus.
705 1261 890 1300 omnibus
923 1262 1174 1311 presentium
1212 1265 1398 1300 tenorem
1437 1262 1638 1301 audituris
1678 1263 1718 1301 in
1751 1274 1907 1313 perpe-

63 1331 173 1366 tuum
204 1328 254 1367 ad
289 1330 350 1367 rei
383 1330 624 1367 memoriam.
674 1329 818 1382 Regie
851 1329 1078 1367 maiestatis
1105 1341 1335 1382 congruum
1363 1328 1452 1368 fore
1481 1330 1744 1383 dignoscitur
1776 1335 1819 1369 ut
1843 1342 1909 1384 ea,

67 1406 147 1446 que
181 1396 232 1434 de
256 1407 332 1434 sue
365 1395 622 1435 munficentie
646 1397 785 1435 innata
817 1397 1017 1450 largitate
1047 1396 1243 1451 largiflua
1277 1409 1471 1436 emanare
1497 1399 1747 1451 decreuerit⁷
1782 1399 1908 1437 robur

65 1463 244 1502 debitum
276 1462 473 1502 firmitatis
506 1464 686 1503 debeant
727 1465 929 1504 obtinere.
993 1466 1197 1504 Nouerint
1237 1466 1370 1518 igitur
1401 1466 1586 1504 uniuersi
1621 1477 1695 1516 per
1728 1478 1907 1519 regnum

64 1535 247 1570 nostrum
289 1532 488 1570 Bohemie
527 1536 569 1570 et
605 1532 924 1571 marchionatum
966 1533 1157 1572 Mol-anie
1199 1534 1421 1587 constituti,
1462 1533 1570 1584 quod
1610 1534 1910 1574 desolationem

65 1599 246 1638 ciuitatis
283 1602 424 1638 nostre
460 1600 643 1639 Lutouie
681 1603 776 1651 post
812 1600 1129 1639 destructionem
1174 1602 1449 1640 Tartarorum
1489 1601 1690 1654 dolentes,
1733 1602 1909 1641 eandem

65 1667 271 1706 ciuitatem
304 1667 356 1705 de
388 1679 496 1705 nouo
529 1667 750 1705 inhabitari
783 1667 1043 1706 decreuimus
1075 1672 1308 1708 statuentes
1340 1672 1384 1707 ut
1412 1681 1552 1708 omnes
1586 1671 1820 1721 quicunque
1855 1671 1907 1709 ad

63 1734 280 1774 locandam
312 1739 354 1774 et
386 1735 704 1774 construendam
736 1747 884 1774 nouam
910 1737 1117 1774 ciuitatem
1150 1737 1418 1775 consederint
1450 1737 1598 1775 ibidem
1631 1739 1713 1776 sint
1738 1737 1790 1776 ad
1822 1738 1907 1777 XV

65 1814 263 1842 annorum
303 1803 486 1853 spacium
525 1802 578 1841 ab
612 1803 798 1841 omnibus
832 1804 1122 1842 exactionibus
1164 1805 1343 1855 exempti
1385 1809 1426 1843 et
1464 1805 1648 1843 habeant
1679 1805 1908 1856 plenariam

63 1871 309 1921 libertatem,
352 1881 432 1920 qua
471 1874 687 1909 transacta
725 1871 889 1910 soluent
927 1882 1096 1910 censum
1135 1872 1317 1925 singulis
1358 1873 1477 1910 annis
1516 1873 1689 1911 mediam
1727 1884 1906 1911 marcam

65 1939 234 1991 argenti
269 1938 322 1976 de
354 1937 536 1988 quolibet
567 1938 703 1976 laneo.
758 1939 859 1977 Item
891 1939 1155 1978 concedimus
1188 1941 1290 1990 ipsis
1322 1940 1592 1993 lignationem
1626 1941 1679 1979 ad
1711 1939 1910 1980 fabricam

65 2007 243 2044 ciuitatis
270 2007 310 2044 in
335 2006 442 2043 silua
469 2010 612 2044 nostra
637 2005 858 2045 adiacente
883 2008 1043 2045 nomine
1067 2007 1270 2046 Dubraw.
1320 2008 1525 2046 'Phelonei
1550 2008 1699 2047 ibidem
1726 2008 1910 2048 habeant

62 2077 224 2112 sextam
243 2074 512 2123 septimanam
536 2084 625 2111 cum
645 2075 906 2124 exemptione
931 2075 1145 2114 solutionis
1163 2075 1344 2114 thelonei
1366 2076 1408 2114 in
1432 2075 1640 2128 OlomuOZ,
1659 2078 1700 2115 in
1725 2076 1906 2116 Vnisow

64 2145 107 2180 et
138 2142 177 2179 in
210 2141 360 2179 Vzow.
425 2139 584 2181 Ciuitas
616 2152 719 2180 uero
751 2142 842 2192 ipsa
881 2142 1084 2182 locabitur
1115 2143 1343 2182 secundum
1374 2144 1438 2182 ius
1477 2147 1519 2183 et
1549 2144 1794 2183 libertatem.
1828 2155 1910 2196 qua

63 2209 180 2246 ciues
214 2209 342 2246 nostri
381 2209 421 2247 in
455 2208 649 2248 olomucz
681 2209 885 2248 hactenus
925 2215 1020 2249 sunt
1053 2212 1210 2264 gauisi7
1253 2212 1362 2250 sicut
1400 2213 1441 2250 in
1481 2212 1706 2265 priuilegio
1750 2216 1906 2265 nostro,

65 2275 173 2326 quod
211 2275 264 2314 H.
298 2277 377 2314 ciui
411 2275 672 2315 Olomucensi
713 2280 754 2315 et
786 2277 988 2317 aduocato
1021 2279 1073 2318 de
1113 2279 1292 2318 Lutouia
1329 2281 1501 2330 insuper
1544 2280 1743 2333 dedimus,
1785 2280 1908 2319 latius

65 2348 106 2382 et
137 2343 308 2382 uberius
348 2347 413 2382 est
452 2355 712 2394 expressum.
776 2345 836 2384 Vt
883 2351 1016 2385 autem
1049 2346 1169 2385 huius
1208 2351 1352 2386 nostre
1393 2346 1580 2386 munifice
1620 2349 1909 2387 concessionis

63 2412 222 2464 pagina
251 2415 343 2449 rata
375 2412 428 2450 sit
455 2416 496 2450 et
527 2413 769 2451 inconuulsa
802 2417 844 2452 et
876 2414 1002 2452 robur
1034 2419 1235 2465 perpetue
1267 2414 1465 2454 firmitatis
1499 2417 1696 2469 obtineat7
1730 2428 1909 2466 presens

63 2479 327 2532 priuilegium
361 2479 462 2529 ipsis
495 2479 840 2519 inhabitatoribus
873 2481 1062 2521 duximus
1097 2483 1375 2523 exhibendum
1408 2484 1640 2537 sigillorum
1674 2489 1906 2523 nostrorum

64 2547 320 2597 appensione
376 2548 623 2586 roboratum.
722 2549 833 2588 Acta
891 2553 987 2589 sunt
1050 2551 1128 2589 hec
1183 2563 1292 2590 atino
1348 2552 1551 2591 dominice
1608 2553 1907 2591 incarnationis

1617 2620 1646 2659 3
1668 2618 1699 2649 2⁴ss
