2155 2928
988 184 1092 224 243

952 392 1126 434 CCLV.

119 487 234 528 Idem
273 485 492 525 ecclesiam
532 485 583 524 de
622 472 724 538 &eje
759 489 858 538 post
888 488 1037 539 fuyam
1077 486 1362 527 Cumanorum
1401 487 1633 538 consecrat,
1673 485 1789 536 eique
1827 485 1961 525 dotem

225 555 425 605 assiynass
458 553 817 604 indulymttasque
849 555 1048 594 concedit.
1111 555 1201 594 Act.
1234 554 1313 594 IV.
1345 554 1491 594 Nonas
1524 554 1660 603 Junu‘,
1699 553 1850 595 1257.

261 646 425 706 Bruno
459 663 526 702 dei
559 664 702 716 gratia
735 664 1023 704 Olomucensis
1055 665 1305 716 Episcopus.
1347 663 1479 704 Officii
1513 665 1644 703 nostri
1677 665 1850 715 requirit
1883 663 1960 702 de-

118 734 239 773 bitum
261 736 304 771 ut
327 743 378 771 ea
402 743 482 783 que
504 732 710 770 Ecclesiis
737 733 901 782 pietatis
928 733 1070 771 intuitu
1095 731 1363 771 conferuntur
1382 737 1423 771 et
1444 733 1483 771 in
1511 732 1644 771 dotem
1671 733 1961 786 assignantur,

119 813 169 840 ac
201 801 449 851 deputantur
487 800 527 838 in
566 799 757 850 plebanis
790 804 832 839 et
865 801 1153 840 sacerdotibus
1194 802 1285 840 iesu
1317 801 1495 854 christo,
1533 802 1701 851 scriptis
1739 801 1962 839 autenticis

118 869 380 921 roboremus,
412 872 456 906 ut
487 868 771 907 intemeratum
811 873 1005 907 seruetur
1033 869 1072 907 in
1105 870 1251 922 terris,
1290 880 1366 919 per
1403 868 1510 919 quod
1546 869 1774 919 acquiritur
1815 872 1962 907 eterna

117 948 278 977 merces
324 938 364 975 in
413 936 529 975 celis.
606 936 783 976 Nouerit
829 937 960 989 igitur
1001 940 1080 975 tam
1125 948 1303 987 presens
1352 937 1550 975 hominum
1600 940 1704 989 etas,
1752 947 1870 987 quam
1919 937 1961 975 in

118 992 273 1045 christo
312 1015 568 1043 successura
608 1005 852 1056 posteritas,
895 1005 1002 1055 quod
1042 1016 1118 1043 nos
1156 1004 1289 1043 dotem
1321 1005 1518 1043 Ecclesie
1550 1005 1591 1043 in
1625 1003 1803 1055 Cheyze,
1844 1016 1962 1055 quam

115 1075 210 1125 post
242 1073 391 1125 fuyam
433 1072 718 1113 Cumanorum
756 1076 928 1112 auctore
971 1072 1130 1111 domino
1170 1073 1529 1125 consecrauinius,
1570 1083 1710 1111 coram
1757 1072 1877 1111 nobis
1919 1072 1960 1110 in

117 1142 245 1192 ipsius
293 1142 613 1180 consecratione
660 1142 923 1195 nominatam,
970 1144 1013 1180 ut
1067 1142 1157 1180 eius
1203 1140 1350 1180 futuris
1402 1141 1674 1193 temporibus,
1722 1141 1776 1179 sit
1822 1141 1961 1194 magis

116 1209 253 1249 >lucida
292 1213 334 1249 et
371 1213 489 1249 certa
521 1210 848 1263 representatio,
888 1210 1042 1260 scripto
1076 1210 1263 1260 presenti
1300 1208 1471 1248 fecimus
1511 1209 1723 1262 annotari3
1764 1208 1964 1249 videlicet

113 1290 298 1319 mansum
348 1290 469 1318 vnum
515 1278 686 1317 liberum
735 1280 777 1317 et
823 1278 995 1317 solutum
1043 1278 1096 1316 ad
1143 1278 1296 1316 curiam
1353 1281 1394 1316 et
1445 1277 1632 1316 allodium
1682 1277 1857 1316 Plebani
1920 1279 1962 1316 et

116 1347 236 1386 alium
281 1359 462 1386 mansum
501 1346 740 1386 censualem
779 1350 821 1384 et
859 1347 1051 1385 seruilem
1084 1348 1126 1385 in
1158 1346 1343 1384 omnibus
1384 1345 1515 1384 eidem
1548 1345 1744 1384 Ecclesie
1785 1348 1827 1384 et
1859 1344 1961 1383 Ple-

118 1415 239 1454 liauo.
298 1416 401 1455 ltem
439 1416 600 1455 tertiam
642 1418 799 1465 partem
840 1414 1089 1454 decimarum
1131 1415 1215 1453 vini
1265 1418 1306 1453 et
1344 1412 1551 1466 frumenti,
1592 1413 1644 1452 de
1677 1413 1822 1452 eadem
1860 1412 1961 1452 villa

114 1483 312 1537 Cheyze,
354 1488 396 1523 et
433 1484 485 1523 de
527 1484 621 1523 villa
663 1484 876 1534 Capam'z,
925 1494 1005 1534 que
1053 1483 1105 1521 ad
1153 1482 1326 1521 eandem
1375 1483 1463 1520 iure
1512 1480 1760 1532 parrochiali
1799 1483 1961 1531 spectat

119 1553 357 1606 ecclesiam,
397 1557 439 1591 et
471 1553 633 1591 tertiam
677 1557 834 1603 partem
874 1552 1032 1591 decime
1074 1551 1347 1604 agnellorum.
1403 1551 1493 1588 Has
1533 1549 1714 1588 decimas
1761 1549 1961 1600 plebanus

118 1620 246 1671 ipsius
286 1621 478 1660 Ecclesie
511 1622 756 1672 quicumque
789 1633 862 1671 pro
895 1625 1080 1670 tempore
1113 1617 1235 1657 suerit
1274 1618 1476 1668 percipiet
1507 1618 1725 1655 annuatim.
1787 1617 1843 1655 Et
1881 1616 1960 1655 hec

119 1689 249 1728 omnia
276 1689 471 1728 Ecclesia
506 1689 558 1728 de
585 1689 760 1740 Cheyze
785 1691 946 1728 nomine
973 1688 1078 1726 dotis
1106 1690 1305 1737 perpetuo
1330 1686 1572 1738 possidebit,
1596 1696 1731 1736 eaque
1761 1686 1802 1723 in
1826 1685 1959 1724 dotem

118 1757 195 1795 sibi
227 1761 306 1796 tam
337 1769 505 1796 mansos
538 1768 656 1808 quam
680 1758 862 1796 decimas
896 1757 1143 1795 auctoritate
1166 1754 1380 1793 ordinaria
1413 1751 1712 1806 confirmamus,
1744 1753 1821 1791 sub
1855 1764 1960 1792 ana-

117 1824 304 1864 thematis
336 1826 663 1865 interminatione
697 1826 921 1864 districtius
954 1824 1203 1876 inhibentes,
1245 1824 1392 1873 nequis
1425 1823 1629 1861 nominata
1661 1820 1771 1859 bona
1803 1824 1961 1860 temere

119 1897 327 1943 presumat
351 1894 566 1948 invadere,
601 1895 668 1933 uel
697 1894 902 1933 uiolenter
932 1891 1114 1944 auferre,
1147 1895 1217 1930 aut
1248 1902 1410 1942 quoquo
1443 1889 1560 1928 modo
1592 1889 1731 1927 illicito
1765 1890 1961 1928 retinere.

116 1960 164 2001 Si
197 1963 287 2012 quis
328 1966 462 2001 autem
501 1962 580 2001 hoc
620 1966 863 2012 attemptare
898 1961 1198 2012 presumpserit
1238 1958 1511 1998 anathematis
1544 1958 1598 1996 sit
1629 1968 1825 1996 mucrone
1859 1967 1958 2007 per-

97 2039 279 2069 ·cussus.
317 2030 373 2069 Et
403 2034 447 2070 ut
479 2031 625 2070 eadem
650 2030 846 2070 Ecclesia
873 2030 1078 2082 congruis
1111 2026 1396 2079 frequentetur
1421 2025 1662 2078 honoribus,
1691 2028 1733 2063 et
1754 2024 1956 2076 frequen-

117 2100 253 2137 tantes
294 2100 516 2138 animarum
556 2112 723 2138 suarum
771 2099 944 2138 salutem
983 2096 1161 2135 feliciter
1199 2095 1347 2134 ibidem
1388 2099 1560 2132 auctore
1603 2093 1761 2131 domino
1803 2103 1958 2131 conse-

120 2169 314 2216 quantur:
349 2167 545 2207 Omnibus
573 2178 677 2207 uere
711 2166 990 2217 penitentibus
1018 2168 1059 2203 et
1094 2162 1316 2215 confessis,
1348 2162 1415 2213 qui
1443 2161 1495 2200 ad
1522 2160 1695 2200 eandem
1721 2161 1761 2199 in
1785 2161 1958 2199 aniuer-

119 2234 228 2273 sario
261 2234 533 2275 dedicationis
566 2247 656 2289 sue,
690 2235 840 2274 deuote
866 2245 916 2272 ac
941 2233 1144 2271 humiliter
1175 2231 1450 2282 accesserint,
1484 2229 1624 2268 divine
1657 2229 1958 2279 propitiationis

119 2300 264 2341 ibidem
316 2305 496 2357 gratiam
544 2304 730 2356 petituri,
782 2302 1063 2354 quadraginta
1120 2300 1210 2338 dies
1257 2299 1309 2337 de
1354 2300 1534 2336 iniuncta
1586 2297 1665 2336 sibi
1718 2297 1958 2349 penitentia,

119 2367 170 2407 de
212 2369 508 2422 Omnipotentis
553 2372 618 2411 dei
665 2369 949 2409 misericordia
999 2368 1250 2407 relaxamus.
1309 2367 1432 2406 Hanc
1471 2365 1776 2418 Indulgentiam
1825 2364 1957 2403 eidem

118 2436 311 2476 Ecclesie
344 2439 395 2477 de
438 2438 612 2490 Cheyze
645 2438 922 2490 concedimus,
955 2437 1073 2475 annis
1107 2435 1289 2489 singulis
1321 2436 1548 2474 ualituram.
1604 2435 1652 2472 ln
1685 2434 1958 2471 testimonium

119 2508 248 2543 autem
289 2510 330 2546 et
364 2505 585 2546 firmitatem
627 2510 867 2556 perpetuam
907 2505 1077 2543 omnium
1118 2504 1429 2556 premissorum,
1469 2502 1578 2540 hanc
1619 2502 1816 2554 paginam
1860 2500 1956 2538 inde

118 2574 322 2613 conscribi
356 2579 398 2614 et
429 2576 559 2629 sigilli
593 2575 723 2614 nostri
755 2574 947 2612 iussimus
979 2572 1194 2611 munimine
1233 2571 1435 2610 roborari.
1492 2571 1640 2609 Actum
1681 2570 1776 2608 1111.
1809 2569 1954 2607 Nonas

1641 2634 1751 2677 31³3·-
