2155 2928
937 157 1035 197 119

68 304 158 344 illos
188 303 322 341 libere
353 302 580 354 porrigere
607 304 783 351 possunt
814 300 881 338 cui
904 298 1059 338 uolunt.
1105 297 1207 336 Item
1238 295 1287 337 Si
1312 295 1403 346 quis
1434 305 1549 333 mons
1578 294 1697 332 alium
1729 298 1903 333 montem

68 381 145 422 per
177 380 324 421 aquam
362 369 623 419 inpediuerit.
658 368 786 419 judici
818 365 950 405 tribus
990 365 1137 404 diebus
1171 362 1436 414 pronunciari
1476 362 1611 401 debet.
1648 362 1732 412 jllis
1771 362 1903 400 tribus

69 438 215 477 diebus
247 436 369 476 finitis
394 435 618 475 secundum
646 436 853 486 justiciam
875 432 991 472 mons
1024 433 1253 484 inpediens.
1282 431 1462 481 inpedito
1488 430 1610 468 monti
1635 429 1905 479 relinquetur.

69 506 172 545 Item
203 505 251 546 Si
283 506 373 556 quis
414 506 454 542 in
486 504 662 543 stollone
702 504 753 542 de
786 513 996 541 consensu
1028 501 1179 552 judicis
1221 503 1262 538 et
1294 499 1439 537 ciuium
1478 498 1746 536 laborauerit.
1780 500 1821 535 et
1853 496 1906 535 ad

70 576 346 612 mensuratum
378 575 553 611 montem
594 571 685 610 siue
716 571 876 609 laneum
916 570 1062 608 ciuium
1093 568 1346 619 peruenerit.
1386 569 1428 606 et
1466 565 1616 605 ibidem
1648 566 1907 604 laboratores

71 641 318 680 inuenerint.
351 640 442 679 sine
467 650 675 678 consensu
709 639 887 689 ipsorum
911 649 994 676 non
1025 637 1229 676 transibit.
1274 634 1322 676 Si
1355 638 1489 673 autem
1514 634 1822 673 consenserint.
1855 632 1908 671 ad

72 719 305 748 mensuram
336 708 457 746 unius
489 705 638 745 claster
676 706 880 745 transibit.
914 705 1029 745 saluo
1069 708 1205 743 tamen
1234 704 1328 755 jure
1367 714 1454 742 suo.
1489 702 1686 741 uidelicet
1718 705 1911 752 quantum

73 777 164 827 ipse
195 787 284 814 cum
316 776 492 815 stollone
531 786 605 813 suo
638 775 678 812 in
710 774 831 812 laneo
872 775 1018 812 ciuium
1050 783 1178 822 super
1216 783 1264 810 se
1297 772 1520 810 secauerit.
1561 773 1602 809 et
1634 773 1826 821 quantum
1859 780 1910 808 eo

72 843 177 882 lucri
208 843 411 882 habuerit.
445 843 636 880 absolute
670 842 838 880 tenebit.
887 842 949 880 Ita
981 842 1016 879 si
1044 842 1157 891 prius
1190 840 1231 878 in
1256 839 1442 890 predicto
1475 839 1596 877 laneo
1620 836 1757 877 fuerat
1789 838 1911 876 labo-

75 914 218 950 ratum.
280 911 328 948 ln
359 910 491 948 medio
533 911 662 948 eciam
696 910 804 947 lanei
844 920 973 959 super
1005 907 1246 958 profundius
1286 907 1462 945 sedebit.
1502 909 1544 945 et
1583 905 1775 957 quicquid
1808 906 1913 944 lucri

75 976 187 1018 ferro
219 978 414 1016 mediocri
447 978 592 1016 subtus
626 988 673 1015 se
706 977 956 1015 contrahere
996 977 1147 1026 poterit
1180 975 1232 1014 ad
1271 986 1374 1013 usus
1407 985 1507 1013 suos
1547 973 1682 1012 cedet.
1744 974 1844 1012 Item
1878 973 1914 1011 si

76 1046 318 1099 burgenses
351 1045 601 1095 postmodum
634 1046 700 1083 uel
734 1046 966 1095 quIcunque
995 1044 1208 1082 stollonem
1243 1055 1357 1081 suum
1390 1042 1677 1080 necessarium
1709 1040 1914 1079 habuerit.

79 1117 261 1166 quartam
308 1117 465 1163 partem
508 1113 709 1163 expensis
750 1113 980 1151 elaborabit
1023 1115 1063 1150 et
1111 1111 1323 1149 obtinebit.
1386 1110 1486 1148 Item
1525 1109 1760 1158 ubicunque
1800 1118 1915 1146 mons

78 1181 379 1222 mensurandus
423 1179 558 1219 fuerit.
600 1181 836 1231 inpediente
878 1181 999 1219 laneo
1039 1180 1185 1218 montis
1226 1179 1384 1216 ciuium.
1425 1177 1533 1227 quod
1574 1176 1624 1216 ad
1665 1177 1796 1214 minus
1828 1178 1916 1214 tres

81 1250 225 1289 laneos
258 1252 299 1288 et
332 1249 533 1288 dimidium
573 1249 761 1287 obtinere
796 1260 876 1286 non
917 1248 1077 1298 poterit.
1111 1247 1297 1297 predicta
1338 1256 1530 1283 mensura
1570 1245 1665 1282 noui
1697 1245 1844 1283 montis
1877 1244 1918 1282 in

81 1318 197 1356 metis
228 1317 337 1355 lanei
365 1317 510 1355 ciuium
543 1320 674 1355 sumet
699 1316 871 1354 inicium.
906 1320 947 1354 et
970 1316 1031 1354 sic
1065 1326 1296 1353 mensuram
1319 1313 1496 1352 debitam
1529 1311 1728 1351 obtinebit
1760 1314 1919 1361 septem

80 1384 302 1424 laneorum.
334 1388 481 1434 postea
515 1384 658 1422 domno
692 1384 808 1436 Regi
842 1383 957 1422 duos.
1004 1383 1166 1422 Juratis
1199 1382 1302 1420 duos
1335 1380 1643 1419 mensurabunt.
1705 1379 1753 1420 Si
1785 1382 1920 1418 autem

83 1451 189 1492 infra
222 1452 324 1491 duos
356 1456 516 1490 montes
557 1457 817 1490 mensuratos
851 1463 983 1490 nouus
1022 1462 1137 1489 mons
1169 1449 1486 1488 mensurabitur.
1519 1451 1561 1486 et
1593 1447 1770 1486 debitam
1802 1458 1920 1486 men-

85 1532 221 1560 suram
252 1521 440 1559 obtinere
481 1522 642 1570 poterit.
676 1520 837 1558 scilicet
880 1520 1049 1558 omnium
1083 1519 1294 1556 laniorum.
1333 1522 1431 1555 tunc
1463 1519 1736 1554 mensuretur.
1798 1516 1853 1553 Et
1885 1515 1922 1553 si

86 1589 193 1627 abita
211 1599 401 1626 mensura
420 1587 572 1638 aliquid
597 1586 862 1637 superfuerit.
882 1587 1043 1624 scilicet
1064 1586 1222 1624 duobus
1250 1585 1382 1623 laneis
1401 1583 1506 1634 quod
1535 1583 1682 1621 dicitur
1705 1582 1921 1621 ubet-sear.

87 1655 138 1694 ad
169 1667 270 1694 usus
304 1655 426 1694 cedet
468 1655 753 1707 burgensium.
815 1655 916 1693 Item
956 1654 1085 1704 siquis
1118 1659 1160 1691 ut
1199 1653 1392 1702 superius
1427 1651 1573 1690 dictum
1615 1655 1677 1689 est
1712 1662 1787 1700 per
1819 1662 1923 1689 con-

88 1734 252 1763 sensum
276 1723 426 1773 J'udicis
453 1726 493 1761 et
509 1723 736 1772 juratorum
763 1725 803 1760 et
828 1722 932 1760 illius
958 1722 1023 1771 qui
1050 1725 1208 1758 montes
1235 1720 1412 1772 porrigit
1437 1719 1651 1757 stollonem
1677 1718 1922 1757 iniciauerit.

89 1795 131 1830 et
161 1791 266 1829 alter
299 1790 601 1840 superueniens
634 1793 729 1827 ante
763 1793 891 1839 ipsum
931 1797 1052 1827 extra
1086 1788 1260 1827 debitam
1300 1798 1530 1826 mensuram
1563 1787 1681 1825 trium
1713 1786 1925 1825 laneorum

92 1862 134 1898 et
165 1858 327 1908 dimidij.
362 1869 436 1908 per
469 1857 588 1895 alium
620 1857 831 1895 stollonem
858 1857 925 1894 uel
958 1868 1031 1906 per
1064 1866 1356 1906 quamcumque
1388 1853 1548 1893 foueam
1582 1855 1694 1904 prior
1725 1854 1926 1894 metallum

92 1926 308 1964 inuenerit.
341 1925 448 1964 datis
474 1924 664 1963 testibus.
699 1928 740 1962 et
763 1925 1007 1962 examinatis
1036 1925 1175 1961 causis
1199 1934 1430 1961 mensuram
1456 1922 1551 1960 vll.
1581 1923 1790 1960 laneorum
1815 1922 1927 1972 prior

93 1993 305 2032 obtinebit.
372 1992 569 2030 Volumus
611 1992 741 2029 eciam
779 1994 823 2030 ut
861 1992 1093 2041 quicunque
1133 1991 1323 2028 inuentor
1362 1991 1455 2028 noui
1497 1991 1643 2028 montis
1683 1994 1854 2028 meatum
1888 1992 1930 2028 et

92 2061 293 2098 metallum
326 2060 477 2109 primus
516 2059 653 2097 debito
686 2058 803 2097 modo
838 2058 966 2109 judici
999 2059 1307 2108 presentauerit
1348 2058 1413 2096 uel
1446 2058 1501 2095 illi
1535 2058 1601 2108 qui
1635 2061 1794 2096 montes
1828 2069 1929 2107 por-

95 2128 210 2180 rigit.
250 2139 366 2165 nemo
406 2131 502 2164 ante
549 2127 676 2175 ipsum
722 2126 790 2164 uel
830 2130 924 2176 post
968 2126 1097 2176 ipsum
1145 2127 1186 2163 in
1235 2127 1375 2175 spacio
1424 2125 1543 2164 unius
1585 2125 1692 2163 lanei
1734 2125 1930 2164 laborare

96 2198 318 2245 presumat.
357 2194 425 2244 qui
463 2196 596 2232 autem
636 2191 931 2232 contrafecerit
969 2194 1098 2232 omnis
1145 2193 1249 2231 lucri
1289 2204 1445 2243 expers
1487 2194 1577 2231 erit.
1618 2197 1659 2232 et
1700 2194 1850 2243 primus
1890 2194 1932 2231 in

98 2262 202 2300 omni
230 2261 324 2311 jure
365 2272 440 2299 suo
473 2264 514 2299 et
552 2261 786 2311 injusticia
827 2261 1017 2299 manebit.
1079 2261 1178 2299 Item
1221 2260 1412 2312 quicquid
1450 2261 1653 2312 urborarij
1697 2272 1785 2299 cum
1824 2261 1932 2299 scitu

93 2329 319 2380 juratorum
352 2328 404 2367 de
435 2328 602 2381 Iglauia
635 2328 686 2366 de
712 2328 818 2379 juris
849 2329 1046 2367 moncium
1079 2328 1357 2379 disposuerint
1388 2329 1466 2368 hoc
1501 2333 1627 2367 ratum
1661 2329 1878 2368 habeatur.

404 2395 614 2437 Originale
644 2406 713 2426 cum
737 2397 852 2436 sigillis
884 2398 975 2437 regio
1003 2399 1035 2427 et
1063 2397 1270 2428 marchionali
1294 2399 1448 2438 appensis
1479 2400 1630 2428 servatur
1652 2399 1683 2428 in
1707 2399 1795 2428 curia
1825 2397 1934 2439 Igla-

505 2448 649 2478 viensi.
757 2447 922 2478 Excusum
960 2447 1049 2478 dedit
1079 2447 1221 2480 Comes
1257 2448 1372 2489 Casp.
1408 2448 1635 2490 Sternberg
1672 2450 1702 2479 in
1737 2459 1836 2489 opere
1874 2459 1933 2481 suo

504 2500 666 2538 postumo:
697 2498 881 2531 Umrisse
912 2500 1020 2530 einer
1050 2498 1302 2531 Geschiehte
1332 2498 1400 2530 der
1422 2499 1544 2531 bolim.
1569 2500 1824 2542 Bergwcrke
1848 2501 1873 2531 1.
1897 2499 1934 2532 2.

506 2547 829 2581 Urkundenbuch
857 2548 900 2580 11
995 2548 1053 2580 14.
