<?xml version="1.0" encoding="UTF-8"?>
<!DOCTYPE html PUBLIC "-//W3C//DTD XHTML 1.0 Transitional//EN"
    "http://www.w3.org/TR/xhtml1/DTD/xhtml1-transitional.dtd">
<html xmlns="http://www.w3.org/1999/xhtml" xml:lang="en" lang="en">
 <head>
  <title>
</title>
<meta http-equiv="Content-Type" content="text/html;charset=utf-8" />
  <meta name='ocr-system' content='tesseract 3.04.00' />
  <meta name='ocr-capabilities' content='ocr_page ocr_carea ocr_par ocr_line ocrx_word'/>
</head>
<body>
  <div class='ocr_page' id='page_1' title='image "./codexdiplomaticu03morauoft/codexdiplomaticu03morauoft_0041.png"; bbox 0 0 2155 2928; ppageno 0'>
   <div class='ocr_carea' id='block_1_1' title="bbox 917 163 983 203">
    <p class='ocr_par' dir='ltr' id='par_1_1' title="bbox 917 163 983 203">
     <span class='ocr_line' id='line_1_1' title="bbox 917 163 983 203; baseline 0 0"><span class='ocrx_word' id='word_1_1' title='bbox 917 163 983 203; x_wconf 75' lang='lat'>23</span> 
     </span>
    </p>
   </div>
   <div class='ocr_carea' id='block_1_2' title="bbox 28 302 1874 2047">
    <p class='ocr_par' dir='ltr' id='par_1_2' title="bbox 28 302 1874 2047">
     <span class='ocr_line' id='line_1_2' title="bbox 31 302 1872 359; baseline -0.001 -13"><span class='ocrx_word' id='word_1_2' title='bbox 31 307 98 359; x_wconf 91' lang='lat' dir='ltr'>qui</span> <span class='ocrx_word' id='word_1_3' title='bbox 129 305 345 345; x_wconf 82' lang='lat' dir='ltr'>dicebatur</span> <span class='ocrx_word' id='word_1_4' title='bbox 366 304 514 358; x_wconf 86' lang='lat' dir='ltr'>Balko,</span> <span class='ocrx_word' id='word_1_5' title='bbox 546 305 599 344; x_wconf 88' lang='lat' dir='ltr'>de</span> <span class='ocrx_word' id='word_1_6' title='bbox 623 304 739 344; x_wconf 86' lang='lat' dir='ltr'>domo</span> <span class='ocrx_word' id='word_1_7' title='bbox 762 304 1124 357; x_wconf 83' lang='lat' dir='ltr'>Theutonicorum,</span> <span class='ocrx_word' id='word_1_8' title='bbox 1148 306 1283 342; x_wconf 90' lang='lat' dir='ltr'>mutuo</span> <span class='ocrx_word' id='word_1_9' title='bbox 1307 302 1489 342; x_wconf 86' lang='lat' dir='ltr'>habitum</span> <span class='ocrx_word' id='word_1_10' title='bbox 1520 307 1561 343; x_wconf 91' lang='lat' dir='ltr'>et</span> <span class='ocrx_word' id='word_1_11' title='bbox 1592 304 1872 354; x_wconf 79' lang='lat' dir='ltr'>sollempniter</span> 
     </span>
     <span class='ocr_line' id='line_1_3' title="bbox 30 370 1873 425; baseline -0.001 -11"><span class='ocrx_word' id='word_1_12' title='bbox 30 375 286 414; x_wconf 87' lang='lat' dir='ltr'>terminatum</span> <span class='ocrx_word' id='word_1_13' title='bbox 324 373 376 412; x_wconf 90' lang='lat' dir='ltr'>de</span> <span class='ocrx_word' id='word_1_14' title='bbox 409 373 570 424; x_wconf 86' lang='lat' dir='ltr'>capella</span> <span class='ocrx_word' id='word_1_15' title='bbox 607 373 650 412; x_wconf 87' lang='lat' dir='ltr'>in</span> <span class='ocrx_word' id='word_1_16' title='bbox 683 372 882 423; x_wconf 89' lang='lat' dir='ltr'>Gumpolz</span> <span class='ocrx_word' id='word_1_17' title='bbox 924 384 1014 411; x_wconf 90' lang='lat' dir='ltr'>cum</span> <span class='ocrx_word' id='word_1_18' title='bbox 1046 371 1203 410; x_wconf 86' lang='lat' dir='ltr'>decima</span> <span class='ocrx_word' id='word_1_19' title='bbox 1241 371 1437 425; x_wconf 87' lang='lat' dir='ltr'>thelonei,</span> <span class='ocrx_word' id='word_1_20' title='bbox 1477 371 1530 410; x_wconf 91' lang='lat' dir='ltr'>de</span> <span class='ocrx_word' id='word_1_21' title='bbox 1570 371 1661 421; x_wconf 87' lang='lat' dir='ltr'>ipso</span> <span class='ocrx_word' id='word_1_22' title='bbox 1701 370 1790 410; x_wconf 87' lang='lat' dir='ltr'>foro</span> <span class='ocrx_word' id='word_1_23' title='bbox 1831 377 1873 412; x_wconf 89' lang='lat' dir='ltr'>et</span> 
     </span>
     <span class='ocr_line' id='line_1_4' title="bbox 31 437 1873 494; baseline 0 -14"><span class='ocrx_word' id='word_1_24' title='bbox 31 442 122 482; x_wconf 86' lang='lat' dir='ltr'>aliis</span> <span class='ocrx_word' id='word_1_25' title='bbox 154 440 338 480; x_wconf 91' lang='lat' dir='ltr'>eiusdem</span> <span class='ocrx_word' id='word_1_26' title='bbox 369 440 552 480; x_wconf 82' lang='lat' dir='ltr'>ecclesie</span> <span class='ocrx_word' id='word_1_27' title='bbox 585 441 823 494; x_wconf 67' lang='lat' dir='ltr'>attinentiis,</span> <span class='ocrx_word' id='word_1_28' title='bbox 856 451 934 479; x_wconf 91' lang='lat' dir='ltr'>nec</span> <span class='ocrx_word' id='word_1_29' title='bbox 967 451 1049 478; x_wconf 88' lang='lat' dir='ltr'>non</span> <span class='ocrx_word' id='word_1_30' title='bbox 1081 439 1242 489; x_wconf 88' lang='lat' dir='ltr'>capella</span> <span class='ocrx_word' id='word_1_31' title='bbox 1274 439 1315 478; x_wconf 90' lang='lat' dir='ltr'>in</span> <span class='ocrx_word' id='word_1_32' title='bbox 1349 437 1533 490; x_wconf 69' lang='lat' dir='ltr'>Giylaua</span> <span class='ocrx_word' id='word_1_33' title='bbox 1567 451 1657 478; x_wconf 91' lang='lat' dir='ltr'>cum</span> <span class='ocrx_word' id='word_1_34' title='bbox 1690 440 1798 478; x_wconf 87' lang='lat' dir='ltr'>villis</span> <span class='ocrx_word' id='word_1_35' title='bbox 1831 443 1873 480; x_wconf 85' lang='lat' dir='ltr'>et</span> 
     </span>
     <span class='ocr_line' id='line_1_5' title="bbox 32 506 1873 560; baseline -0.001 -11"><span class='ocrx_word' id='word_1_36' title='bbox 32 510 123 551; x_wconf 80' lang='lat' dir='ltr'>aliis</span> <span class='ocrx_word' id='word_1_37' title='bbox 156 510 381 549; x_wconf 87' lang='lat' dir='ltr'>attinentiis</span> <span class='ocrx_word' id='word_1_38' title='bbox 414 510 502 548; x_wconf 83' lang='lat' dir='ltr'>suis</span> <span class='ocrx_word' id='word_1_39' title='bbox 534 520 585 547; x_wconf 89' lang='lat' dir='ltr'>ac</span> <span class='ocrx_word' id='word_1_40' title='bbox 613 508 780 548; x_wconf 86' lang='lat' dir='ltr'>decimis</span> <span class='ocrx_word' id='word_1_41' title='bbox 811 508 1035 560; x_wconf 90' lang='lat' dir='ltr'>uniuersis,</span> <span class='ocrx_word' id='word_1_42' title='bbox 1068 517 1147 558; x_wconf 88' lang='lat' dir='ltr'>que</span> <span class='ocrx_word' id='word_1_43' title='bbox 1180 508 1313 546; x_wconf 87' lang='lat' dir='ltr'>omnia</span> <span class='ocrx_word' id='word_1_44' title='bbox 1347 506 1488 546; x_wconf 89' lang='lat' dir='ltr'>domus</span> <span class='ocrx_word' id='word_1_45' title='bbox 1521 507 1873 547; x_wconf 86' lang='lat' dir='ltr'>Theutonicorum</span> 
     </span>
     <span class='ocr_line' id='line_1_6' title="bbox 30 575 1872 630; baseline 0 -15"><span class='ocrx_word' id='word_1_46' title='bbox 30 575 191 628; x_wconf 89' lang='lat' dir='ltr'>prefata</span> <span class='ocrx_word' id='word_1_47' title='bbox 238 576 539 615; x_wconf 80' lang='lat' dir='ltr'>rationabiliter</span> <span class='ocrx_word' id='word_1_48' title='bbox 579 579 621 615; x_wconf 89' lang='lat' dir='ltr'>et</span> <span class='ocrx_word' id='word_1_49' title='bbox 666 577 852 630; x_wconf 81' lang='lat' dir='ltr'>legitime</span> <span class='ocrx_word' id='word_1_50' title='bbox 900 575 1152 628; x_wconf 70' lang='lat' dir='ltr'>possidebat,</span> <span class='ocrx_word' id='word_1_51' title='bbox 1198 578 1329 613; x_wconf 84' lang='lat' dir='ltr'>ratum</span> <span class='ocrx_word' id='word_1_52' title='bbox 1369 578 1411 613; x_wconf 88' lang='lat' dir='ltr'>et</span> <span class='ocrx_word' id='word_1_53' title='bbox 1457 578 1625 628; x_wconf 78' lang='lat' dir='ltr'>gratum</span> <span class='ocrx_word' id='word_1_54' title='bbox 1665 575 1872 615; x_wconf 88' lang='lat' dir='ltr'>habentes</span> 
     </span>
     <span class='ocr_line' id='line_1_7' title="bbox 30 642 1871 697; baseline 0 -15"><span class='ocrx_word' id='word_1_55' title='bbox 30 642 209 697; x_wconf 86' lang='lat' dir='ltr'>firmiter,</span> <span class='ocrx_word' id='word_1_56' title='bbox 243 650 284 683; x_wconf 88' lang='lat' dir='ltr'>et</span> <span class='ocrx_word' id='word_1_57' title='bbox 316 644 485 683; x_wconf 87' lang='lat' dir='ltr'>easdem</span> <span class='ocrx_word' id='word_1_58' title='bbox 516 644 701 694; x_wconf 84' lang='lat' dir='ltr'>capellas</span> <span class='ocrx_word' id='word_1_59' title='bbox 740 655 830 682; x_wconf 91' lang='lat' dir='ltr'>cum</span> <span class='ocrx_word' id='word_1_60' title='bbox 860 643 1068 682; x_wconf 90' lang='lat' dir='ltr'>uniuersis</span> <span class='ocrx_word' id='word_1_61' title='bbox 1108 643 1461 695; x_wconf 89' lang='lat' dir='ltr'>possessionibus,</span> <span class='ocrx_word' id='word_1_62' title='bbox 1495 643 1654 682; x_wconf 86' lang='lat' dir='ltr'>iuribus</span> <span class='ocrx_word' id='word_1_63' title='bbox 1695 646 1737 682; x_wconf 88' lang='lat' dir='ltr'>et</span> <span class='ocrx_word' id='word_1_64' title='bbox 1769 654 1871 693; x_wconf 88' lang='lat' dir='ltr'>pre-</span> 
     </span>
     <span class='ocr_line' id='line_1_8' title="bbox 32 710 1872 764; baseline -0.001 -13"><span class='ocrx_word' id='word_1_65' title='bbox 32 713 199 762; x_wconf 86' lang='lat' dir='ltr'>scriptis</span> <span class='ocrx_word' id='word_1_66' title='bbox 223 712 481 761; x_wconf 87' lang='lat' dir='ltr'>appendiciis</span> <span class='ocrx_word' id='word_1_67' title='bbox 505 713 606 763; x_wconf 89' lang='lat' dir='ltr'>suis,</span> <span class='ocrx_word' id='word_1_68' title='bbox 633 723 722 750; x_wconf 87' lang='lat' dir='ltr'>cum</span> <span class='ocrx_word' id='word_1_69' title='bbox 746 712 838 764; x_wconf 90' lang='lat' dir='ltr'>hiis,</span> <span class='ocrx_word' id='word_1_70' title='bbox 866 722 945 761; x_wconf 89' lang='lat' dir='ltr'>que</span> <span class='ocrx_word' id='word_1_71' title='bbox 973 710 1042 749; x_wconf 85' lang='lat' dir='ltr'>vel</span> <span class='ocrx_word' id='word_1_72' title='bbox 1073 714 1165 762; x_wconf 88' lang='lat' dir='ltr'>post</span> <span class='ocrx_word' id='word_1_73' title='bbox 1195 711 1325 760; x_wconf 87' lang='lat' dir='ltr'>ipsum</span> <span class='ocrx_word' id='word_1_74' title='bbox 1350 714 1606 749; x_wconf 88' lang='lat' dir='ltr'>contractum</span> <span class='ocrx_word' id='word_1_75' title='bbox 1631 714 1872 750; x_wconf 89' lang='lat' dir='ltr'>constructe</span> 
     </span>
     <span class='ocr_line' id='line_1_9' title="bbox 31 778 1873 832; baseline 0 -14"><span class='ocrx_word' id='word_1_76' title='bbox 31 783 141 832; x_wconf 87' lang='lat' dir='ltr'>sunt,</span> <span class='ocrx_word' id='word_1_77' title='bbox 189 780 382 818; x_wconf 90' lang='lat' dir='ltr'>ecclesiis</span> <span class='ocrx_word' id='word_1_78' title='bbox 433 779 541 829; x_wconf 86' lang='lat' dir='ltr'>apud</span> <span class='ocrx_word' id='word_1_79' title='bbox 590 778 772 829; x_wconf 71' lang='lat' dir='ltr'>Giylamz</span> <span class='ocrx_word' id='word_1_80' title='bbox 819 779 859 816; x_wconf 90' lang='lat' dir='ltr'>in</span> <span class='ocrx_word' id='word_1_81' title='bbox 902 778 1086 816; x_wconf 87' lang='lat' dir='ltr'>terminis</span> <span class='ocrx_word' id='word_1_82' title='bbox 1125 779 1283 817; x_wconf 90' lang='lat' dir='ltr'>ueteris</span> <span class='ocrx_word' id='word_1_83' title='bbox 1333 778 1568 832; x_wconf 89' lang='lat' dir='ltr'>parrochie,</span> <span class='ocrx_word' id='word_1_84' title='bbox 1619 789 1699 829; x_wconf 88' lang='lat' dir='ltr'>que</span> <span class='ocrx_word' id='word_1_85' title='bbox 1739 780 1873 818; x_wconf 89' lang='lat' dir='ltr'>sancti</span> 
     </span>
     <span class='ocr_line' id='line_1_10' title="bbox 31 845 1874 898; baseline -0.001 -13"><span class='ocrx_word' id='word_1_86' title='bbox 31 846 216 886; x_wconf 76' lang='lat' dir='ltr'>Jocmm‘s</span> <span class='ocrx_word' id='word_1_87' title='bbox 260 847 451 898; x_wconf 71' lang='lat' dir='ltr'>Raptis-te</span> <span class='ocrx_word' id='word_1_88' title='bbox 495 847 608 886; x_wconf 90' lang='lat' dir='ltr'>titulo</span> <span class='ocrx_word' id='word_1_89' title='bbox 654 849 926 898; x_wconf 89' lang='lat' dir='ltr'>nuncupatur,</span> <span class='ocrx_word' id='word_1_90' title='bbox 978 845 1046 884; x_wconf 90' lang='lat' dir='ltr'>uel</span> <span class='ocrx_word' id='word_1_91' title='bbox 1093 846 1131 883; x_wconf 89' lang='lat' dir='ltr'>in</span> <span class='ocrx_word' id='word_1_92' title='bbox 1178 849 1384 895; x_wconf 88' lang='lat' dir='ltr'>posterum</span> <span class='ocrx_word' id='word_1_93' title='bbox 1434 846 1573 885; x_wconf 87' lang='lat' dir='ltr'>diuina</span> <span class='ocrx_word' id='word_1_94' title='bbox 1612 846 1874 896; x_wconf 88' lang='lat' dir='ltr'>prouidentia</span> 
     </span>
     <span class='ocr_line' id='line_1_11' title="bbox 31 911 1871 966; baseline 0 -14"><span class='ocrx_word' id='word_1_95' title='bbox 31 918 340 966; x_wconf 69' lang='lat' dir='ltr'>construentur,</span> <span class='ocrx_word' id='word_1_96' title='bbox 366 914 547 954; x_wconf 86' lang='lat' dir='ltr'>ecclesie</span> <span class='ocrx_word' id='word_1_97' title='bbox 579 914 776 964; x_wconf 79' lang='lat' dir='ltr'>Syloensi</span> <span class='ocrx_word' id='word_1_98' title='bbox 801 914 933 952; x_wconf 87' lang='lat' dir='ltr'>libere</span> <span class='ocrx_word' id='word_1_99' title='bbox 966 917 1007 951; x_wconf 91' lang='lat' dir='ltr'>et</span> <span class='ocrx_word' id='word_1_100' title='bbox 1033 911 1206 963; x_wconf 87' lang='lat' dir='ltr'>pacifice</span> <span class='ocrx_word' id='word_1_101' title='bbox 1231 913 1506 963; x_wconf 86' lang='lat' dir='ltr'>possidendas</span> <span class='ocrx_word' id='word_1_102' title='bbox 1535 918 1736 964; x_wconf 88' lang='lat' dir='ltr'>perpetuo</span> <span class='ocrx_word' id='word_1_103' title='bbox 1771 925 1871 963; x_wconf 86' lang='lat' dir='ltr'>pre-</span> 
     </span>
     <span class='ocr_line' id='line_1_12' title="bbox 31 980 1872 1035; baseline -0.001 -14"><span class='ocrx_word' id='word_1_104' title='bbox 31 981 220 1021; x_wconf 83' lang='lat' dir='ltr'>sentibus</span> <span class='ocrx_word' id='word_1_105' title='bbox 252 980 547 1035; x_wconf 85' lang='lat' dir='ltr'>confirmamus,</span> <span class='ocrx_word' id='word_1_106' title='bbox 587 982 777 1021; x_wconf 87' lang='lat' dir='ltr'>volentes</span> <span class='ocrx_word' id='word_1_107' title='bbox 811 986 852 1020; x_wconf 89' lang='lat' dir='ltr'>et</span> <span class='ocrx_word' id='word_1_108' title='bbox 892 980 1117 1019; x_wconf 86' lang='lat' dir='ltr'>firmissime</span> <span class='ocrx_word' id='word_1_109' title='bbox 1159 981 1407 1034; x_wconf 84' lang='lat' dir='ltr'>inhibentes,</span> <span class='ocrx_word' id='word_1_110' title='bbox 1447 992 1501 1020; x_wconf 87' lang='lat' dir='ltr'>ne</span> <span class='ocrx_word' id='word_1_111' title='bbox 1541 983 1632 1032; x_wconf 87' lang='lat' dir='ltr'>quis</span> <span class='ocrx_word' id='word_1_112' title='bbox 1673 982 1872 1020; x_wconf 84' lang='lat' dir='ltr'>heredum</span> 
     </span>
     <span class='ocr_line' id='line_1_13' title="bbox 32 1048 1873 1102; baseline 0 -14"><span class='ocrx_word' id='word_1_113' title='bbox 32 1054 103 1089; x_wconf 90' lang='lat' dir='ltr'>aut</span> <span class='ocrx_word' id='word_1_114' title='bbox 128 1060 432 1088; x_wconf 85' lang='lat' dir='ltr'>¹successorum</span> <span class='ocrx_word' id='word_1_115' title='bbox 473 1054 715 1102; x_wconf 86' lang='lat' dir='ltr'>nostrorum,</span> <span class='ocrx_word' id='word_1_116' title='bbox 757 1050 823 1088; x_wconf 82' lang='lat' dir='ltr'>vel</span> <span class='ocrx_word' id='word_1_117' title='bbox 863 1050 1076 1100; x_wconf 86' lang='lat' dir='ltr'>quisquam</span> <span class='ocrx_word' id='word_1_118' title='bbox 1125 1048 1176 1087; x_wconf 92' lang='lat' dir='ltr'>de</span> <span class='ocrx_word' id='word_1_119' title='bbox 1224 1050 1417 1099; x_wconf 86' lang='lat' dir='ltr'>personis</span> <span class='ocrx_word' id='word_1_120' title='bbox 1457 1049 1763 1088; x_wconf 87' lang='lat' dir='ltr'>ecclesiasticis</span> <span class='ocrx_word' id='word_1_121' title='bbox 1804 1049 1873 1088; x_wconf 89' lang='lat' dir='ltr'>vel</span> 
     </span>
     <span class='ocr_line' id='line_1_14' title="bbox 31 1116 1872 1167; baseline -0.001 -10"><span class='ocrx_word' id='word_1_122' title='bbox 31 1117 247 1157; x_wconf 85' lang='lat' dir='ltr'>mundanis</span> <span class='ocrx_word' id='word_1_123' title='bbox 279 1118 320 1156; x_wconf 95' lang='lat' dir='ltr'>in</span> <span class='ocrx_word' id='word_1_124' title='bbox 352 1116 524 1167; x_wconf 82' lang='lat' dir='ltr'>prefatis</span> <span class='ocrx_word' id='word_1_125' title='bbox 557 1117 749 1156; x_wconf 85' lang='lat' dir='ltr'>ecclesiis</span> <span class='ocrx_word' id='word_1_126' title='bbox 789 1116 856 1155; x_wconf 77' lang='lat' dir='ltr'>vel</span> <span class='ocrx_word' id='word_1_127' title='bbox 889 1116 1242 1167; x_wconf 82' lang='lat' dir='ltr'>possessionibus,</span> <span class='ocrx_word' id='word_1_128' title='bbox 1276 1120 1318 1154; x_wconf 93' lang='lat' dir='ltr'>et</span> <span class='ocrx_word' id='word_1_129' title='bbox 1350 1116 1401 1155; x_wconf 90' lang='lat' dir='ltr'>ad</span> <span class='ocrx_word' id='word_1_130' title='bbox 1435 1117 1550 1166; x_wconf 86' lang='lat' dir='ltr'>ipsas</span> <span class='ocrx_word' id='word_1_131' title='bbox 1583 1117 1872 1167; x_wconf 79' lang='lat' dir='ltr'>spectantibus</span> 
     </span>
     <span class='ocr_line' id='line_1_15' title="bbox 31 1183 1871 1238; baseline 0 -16"><span class='ocrx_word' id='word_1_132' title='bbox 31 1184 267 1226; x_wconf 87' lang='lat' dir='ltr'>Siloensem</span> <span class='ocrx_word' id='word_1_133' title='bbox 300 1184 519 1223; x_wconf 87' lang='lat' dir='ltr'>ecclesiam</span> <span class='ocrx_word' id='word_1_134' title='bbox 561 1188 815 1235; x_wconf 82' lang='lat' dir='ltr'>prenotatam</span> <span class='ocrx_word' id='word_1_135' title='bbox 848 1189 889 1223; x_wconf 94' lang='lat' dir='ltr'>et</span> <span class='ocrx_word' id='word_1_136' title='bbox 927 1187 1016 1222; x_wconf 85' lang='lat' dir='ltr'>eius</span> <span class='ocrx_word' id='word_1_137' title='bbox 1052 1188 1239 1222; x_wconf 88' lang='lat' dir='ltr'>rectores</span> <span class='ocrx_word' id='word_1_138' title='bbox 1273 1188 1314 1223; x_wconf 89' lang='lat' dir='ltr'>et</span> <span class='ocrx_word' id='word_1_139' title='bbox 1353 1183 1506 1223; x_wconf 81' lang='lat' dir='ltr'>fratres</span> <span class='ocrx_word' id='word_1_140' title='bbox 1546 1189 1693 1223; x_wconf 82' lang='lat' dir='ltr'>contra</span> <span class='ocrx_word' id='word_1_141' title='bbox 1726 1186 1871 1238; x_wconf 80' lang='lat' dir='ltr'>Regie</span> 
     </span>
     <span class='ocr_line' id='line_1_16' title="bbox 31 1251 1871 1305; baseline 0.001 -16"><span class='ocrx_word' id='word_1_142' title='bbox 31 1255 175 1291; x_wconf 89' lang='lat' dir='ltr'>nostre</span> <span class='ocrx_word' id='word_1_143' title='bbox 207 1253 509 1291; x_wconf 84' lang='lat' dir='ltr'>constitutionis</span> <span class='ocrx_word' id='word_1_144' title='bbox 541 1256 582 1291; x_wconf 89' lang='lat' dir='ltr'>et</span> <span class='ocrx_word' id='word_1_145' title='bbox 614 1251 931 1290; x_wconf 83' lang='lat' dir='ltr'>confirmationis</span> <span class='ocrx_word' id='word_1_146' title='bbox 959 1252 1129 1291; x_wconf 85' lang='lat' dir='ltr'>decreta</span> <span class='ocrx_word' id='word_1_147' title='bbox 1162 1252 1363 1304; x_wconf 85' lang='lat' dir='ltr'>inpedire,</span> <span class='ocrx_word' id='word_1_148' title='bbox 1396 1253 1630 1305; x_wconf 83' lang='lat' dir='ltr'>molestare,</span> <span class='ocrx_word' id='word_1_149' title='bbox 1664 1253 1732 1291; x_wconf 90' lang='lat' dir='ltr'>vel</span> <span class='ocrx_word' id='word_1_150' title='bbox 1765 1264 1871 1303; x_wconf 86' lang='lat' dir='ltr'>qua-</span> 
     </span>
     <span class='ocr_line' id='line_1_17' title="bbox 30 1320 1870 1372; baseline 0.001 -14"><span class='ocrx_word' id='word_1_151' title='bbox 30 1330 194 1370; x_wconf 88' lang='lat' dir='ltr'>cunque</span> <span class='ocrx_word' id='word_1_152' title='bbox 226 1320 450 1359; x_wconf 90' lang='lat' dir='ltr'>occasione</span> <span class='ocrx_word' id='word_1_153' title='bbox 483 1321 728 1370; x_wconf 88' lang='lat' dir='ltr'>perturbare</span> <span class='ocrx_word' id='word_1_154' title='bbox 771 1324 991 1372; x_wconf 86' lang='lat' dir='ltr'>presumat,</span> <span class='ocrx_word' id='word_1_155' title='bbox 1024 1320 1100 1359; x_wconf 87' lang='lat' dir='ltr'>sed</span> <span class='ocrx_word' id='word_1_156' title='bbox 1133 1331 1298 1370; x_wconf 88' lang='lat' dir='ltr'>semper</span> <span class='ocrx_word' id='word_1_157' title='bbox 1331 1321 1460 1370; x_wconf 89' lang='lat' dir='ltr'>ipsam</span> <span class='ocrx_word' id='word_1_158' title='bbox 1500 1324 1630 1359; x_wconf 86' lang='lat' dir='ltr'>ratam</span> <span class='ocrx_word' id='word_1_159' title='bbox 1663 1324 1704 1359; x_wconf 90' lang='lat' dir='ltr'>et</span> <span class='ocrx_word' id='word_1_160' title='bbox 1737 1322 1870 1359; x_wconf 90' lang='lat' dir='ltr'>inuio-</span> 
     </span>
     <span class='ocr_line' id='line_1_18' title="bbox 32 1386 1872 1441; baseline 0.001 -16"><span class='ocrx_word' id='word_1_161' title='bbox 32 1386 194 1427; x_wconf 83' lang='lat' dir='ltr'>labilem</span> <span class='ocrx_word' id='word_1_162' title='bbox 234 1387 388 1426; x_wconf 86' lang='lat' dir='ltr'>debeat</span> <span class='ocrx_word' id='word_1_163' title='bbox 431 1398 703 1439; x_wconf 88' lang='lat' dir='ltr'>conseruare,</span> <span class='ocrx_word' id='word_1_164' title='bbox 751 1388 857 1426; x_wconf 89' lang='lat' dir='ltr'>sicut</span> <span class='ocrx_word' id='word_1_165' title='bbox 896 1392 1038 1426; x_wconf 88' lang='lat' dir='ltr'>nostre</span> <span class='ocrx_word' id='word_1_166' title='bbox 1087 1389 1228 1441; x_wconf 81' lang='lat' dir='ltr'>gratie</span> <span class='ocrx_word' id='word_1_167' title='bbox 1271 1386 1453 1427; x_wconf 83' lang='lat' dir='ltr'>fauorem</span> <span class='ocrx_word' id='word_1_168' title='bbox 1492 1389 1569 1426; x_wconf 90' lang='lat' dir='ltr'>sibi</span> <span class='ocrx_word' id='word_1_169' title='bbox 1611 1388 1780 1441; x_wconf 85' lang='lat' dir='ltr'>adesse,</span> <span class='ocrx_word' id='word_1_170' title='bbox 1830 1392 1872 1427; x_wconf 88' lang='lat' dir='ltr'>et</span> 
     </span>
     <span class='ocr_line' id='line_1_19' title="bbox 33 1455 1869 1508; baseline 0.001 -15"><span class='ocrx_word' id='word_1_171' title='bbox 33 1455 319 1504; x_wconf 88' lang='lat' dir='ltr'>omnipotentis</span> <span class='ocrx_word' id='word_1_172' title='bbox 352 1455 418 1494; x_wconf 90' lang='lat' dir='ltr'>dei</span> <span class='ocrx_word' id='word_1_173' title='bbox 452 1455 634 1493; x_wconf 88' lang='lat' dir='ltr'>euadere</span> <span class='ocrx_word' id='word_1_174' title='bbox 668 1455 816 1508; x_wconf 78' lang='lat' dir='ltr'>diligat</span> <span class='ocrx_word' id='word_1_175' title='bbox 848 1456 1052 1494; x_wconf 84' lang='lat' dir='ltr'>ultionem.</span> <span class='ocrx_word' id='word_1_176' title='bbox 1117 1456 1173 1494; x_wconf 84' lang='lat' dir='ltr'>Vt</span> <span class='ocrx_word' id='word_1_177' title='bbox 1205 1460 1339 1494; x_wconf 89' lang='lat' dir='ltr'>autem</span> <span class='ocrx_word' id='word_1_178' title='bbox 1372 1456 1600 1494; x_wconf 90' lang='lat' dir='ltr'>huiusmodi</span> <span class='ocrx_word' id='word_1_179' title='bbox 1633 1457 1869 1495; x_wconf 88' lang='lat' dir='ltr'>constitutio</span> 
     </span>
     <span class='ocr_line' id='line_1_20' title="bbox 31 1520 1869 1575; baseline 0.001 -15"><span class='ocrx_word' id='word_1_180' title='bbox 31 1525 73 1561; x_wconf 89' lang='lat' dir='ltr'>et</span> <span class='ocrx_word' id='word_1_181' title='bbox 105 1520 369 1575; x_wconf 84' lang='lat' dir='ltr'>confirmatio,</span> <span class='ocrx_word' id='word_1_182' title='bbox 412 1533 515 1573; x_wconf 91' lang='lat' dir='ltr'>quas</span> <span class='ocrx_word' id='word_1_183' title='bbox 549 1520 708 1572; x_wconf 86' lang='lat' dir='ltr'>prefato</span> <span class='ocrx_word' id='word_1_184' title='bbox 747 1524 969 1562; x_wconf 89' lang='lat' dir='ltr'>conuentui</span> <span class='ocrx_word' id='word_1_185' title='bbox 1008 1527 1050 1562; x_wconf 91' lang='lat' dir='ltr'>et</span> <span class='ocrx_word' id='word_1_186' title='bbox 1082 1523 1264 1568; x_wconf 86' lang='lat' dir='ltr'>ecclesie</span> <span class='ocrx_word' id='word_1_187' title='bbox 1297 1523 1495 1573; x_wconf 71' lang='lat' dir='ltr'>syloensi</span> <span class='ocrx_word' id='word_1_188' title='bbox 1535 1523 1775 1562; x_wconf 88' lang='lat' dir='ltr'>indulsimus</span> <span class='ocrx_word' id='word_1_189' title='bbox 1818 1524 1869 1562; x_wconf 88' lang='lat' dir='ltr'>de</span> 
     </span>
     <span class='ocr_line' id='line_1_21' title="bbox 30 1589 1868 1643; baseline 0.001 -15"><span class='ocrx_word' id='word_1_190' title='bbox 30 1590 173 1643; x_wconf 83' lang='lat' dir='ltr'>gratia</span> <span class='ocrx_word' id='word_1_191' title='bbox 215 1590 402 1642; x_wconf 87' lang='lat' dir='ltr'>speciali,</span> <span class='ocrx_word' id='word_1_192' title='bbox 443 1590 741 1628; x_wconf 86' lang='lat' dir='ltr'>interminabile</span> <span class='ocrx_word' id='word_1_193' title='bbox 785 1591 911 1629; x_wconf 90' lang='lat' dir='ltr'>robur</span> <span class='ocrx_word' id='word_1_194' title='bbox 950 1590 1106 1629; x_wconf 85' lang='lat' dir='ltr'>habeat</span> <span class='ocrx_word' id='word_1_195' title='bbox 1150 1594 1191 1629; x_wconf 88' lang='lat' dir='ltr'>et</span> <span class='ocrx_word' id='word_1_196' title='bbox 1230 1595 1470 1641; x_wconf 88' lang='lat' dir='ltr'>perpetuam</span> <span class='ocrx_word' id='word_1_197' title='bbox 1511 1589 1749 1643; x_wconf 86' lang='lat' dir='ltr'>firmitatem,</span> <span class='ocrx_word' id='word_1_198' title='bbox 1791 1593 1868 1642; x_wconf 90' lang='lat' dir='ltr'>ipsi</span> 
     </span>
     <span class='ocr_line' id='line_1_22' title="bbox 31 1657 1869 1708; baseline 0.001 -13"><span class='ocrx_word' id='word_1_199' title='bbox 31 1657 190 1696; x_wconf 90' lang='lat' dir='ltr'>domino</span> <span class='ocrx_word' id='word_1_200' title='bbox 228 1658 450 1696; x_wconf 86' lang='lat' dir='ltr'>Ambrosio</span> <span class='ocrx_word' id='word_1_201' title='bbox 498 1658 637 1696; x_wconf 86' lang='lat' dir='ltr'>abbati</span> <span class='ocrx_word' id='word_1_202' title='bbox 679 1661 720 1696; x_wconf 87' lang='lat' dir='ltr'>et</span> <span class='ocrx_word' id='word_1_203' title='bbox 765 1659 855 1696; x_wconf 92' lang='lat' dir='ltr'>eius</span> <span class='ocrx_word' id='word_1_204' title='bbox 896 1659 1118 1697; x_wconf 91' lang='lat' dir='ltr'>conuentui</span> <span class='ocrx_word' id='word_1_205' title='bbox 1164 1662 1206 1697; x_wconf 88' lang='lat' dir='ltr'>et</span> <span class='ocrx_word' id='word_1_206' title='bbox 1247 1669 1387 1697; x_wconf 92' lang='lat' dir='ltr'>eorum</span> <span class='ocrx_word' id='word_1_207' title='bbox 1426 1659 1609 1697; x_wconf 87' lang='lat' dir='ltr'>ecclesie</span> <span class='ocrx_word' id='word_1_208' title='bbox 1649 1663 1869 1708; x_wconf 89' lang='lat' dir='ltr'>prenotate</span> 
     </span>
     <span class='ocr_line' id='line_1_23' title="bbox 29 1725 1868 1780; baseline 0.002 -17"><span class='ocrx_word' id='word_1_209' title='bbox 29 1726 238 1775; x_wconf 87' lang='lat' dir='ltr'>presentis</span> <span class='ocrx_word' id='word_1_210' title='bbox 272 1725 482 1778; x_wconf 81' lang='lat' dir='ltr'>priuilegii</span> <span class='ocrx_word' id='word_1_211' title='bbox 522 1727 716 1778; x_wconf 77' lang='lat' dir='ltr'>paginam</span> <span class='ocrx_word' id='word_1_212' title='bbox 749 1726 850 1775; x_wconf 89' lang='lat' dir='ltr'>ipsis</span> <span class='ocrx_word' id='word_1_213' title='bbox 883 1725 1072 1764; x_wconf 84' lang='lat' dir='ltr'>duximus</span> <span class='ocrx_word' id='word_1_214' title='bbox 1114 1726 1402 1779; x_wconf 83' lang='lat' dir='ltr'>exhibendam,</span> <span class='ocrx_word' id='word_1_215' title='bbox 1435 1730 1669 1766; x_wconf 86' lang='lat' dir='ltr'>nostrorum</span> <span class='ocrx_word' id='word_1_216' title='bbox 1700 1727 1868 1780; x_wconf 81' lang='lat' dir='ltr'>sigillo-</span> 
     </span>
     <span class='ocr_line' id='line_1_24' title="bbox 30 1793 1868 1843; baseline 0.002 -12"><span class='ocrx_word' id='word_1_217' title='bbox 30 1804 116 1831; x_wconf 87' lang='lat' dir='ltr'>rum</span> <span class='ocrx_word' id='word_1_218' title='bbox 155 1794 412 1843; x_wconf 88' lang='lat' dir='ltr'>appensione</span> <span class='ocrx_word' id='word_1_219' title='bbox 451 1795 640 1833; x_wconf 87' lang='lat' dir='ltr'>munitam</span> <span class='ocrx_word' id='word_1_220' title='bbox 682 1797 723 1832; x_wconf 88' lang='lat' dir='ltr'>et</span> <span class='ocrx_word' id='word_1_221' title='bbox 765 1793 1034 1843; x_wconf 86' lang='lat' dir='ltr'>perhenniter</span> <span class='ocrx_word' id='word_1_222' title='bbox 1073 1794 1300 1833; x_wconf 86' lang='lat' dir='ltr'>ualituram.</span> <span class='ocrx_word' id='word_1_223' title='bbox 1362 1795 1473 1833; x_wconf 85' lang='lat' dir='ltr'>Acta</span> <span class='ocrx_word' id='word_1_224' title='bbox 1513 1797 1609 1833; x_wconf 91' lang='lat' dir='ltr'>sunt</span> <span class='ocrx_word' id='word_1_225' title='bbox 1647 1794 1726 1833; x_wconf 90' lang='lat' dir='ltr'>hec</span> <span class='ocrx_word' id='word_1_226' title='bbox 1759 1806 1868 1834; x_wconf 89' lang='lat' dir='ltr'>anno</span> 
     </span>
     <span class='ocr_line' id='line_1_25' title="bbox 29 1858 1866 1902; baseline 0.002 -4"><span class='ocrx_word' id='word_1_227' title='bbox 29 1859 247 1899; x_wconf 88' lang='lat' dir='ltr'>Dominice</span> <span class='ocrx_word' id='word_1_228' title='bbox 272 1861 574 1900; x_wconf 87' lang='lat' dir='ltr'>Incarnationis</span> <span class='ocrx_word' id='word_1_229' title='bbox 606 1860 667 1899; x_wconf 83' lang='lat' dir='ltr'>M.</span> <span class='ocrx_word' id='word_1_230' title='bbox 693 1858 782 1900; x_wconf 80' lang='lat' dir='ltr'>CC.</span> <span class='ocrx_word' id='word_1_231' title='bbox 801 1861 983 1900; x_wconf 77' lang='lat' dir='ltr'>XL.111,</span> <span class='ocrx_word' id='word_1_232' title='bbox 1019 1861 1172 1900; x_wconf 87' lang='lat' dir='ltr'>Mense</span> <span class='ocrx_word' id='word_1_233' title='bbox 1205 1862 1370 1900; x_wconf 88' lang='lat' dir='ltr'>marcio.</span> <span class='ocrx_word' id='word_1_234' title='bbox 1395 1862 1635 1901; x_wconf 90' lang='lat' dir='ltr'>Indiccione</span> <span class='ocrx_word' id='word_1_235' title='bbox 1667 1863 1866 1902; x_wconf 88' lang='lat' dir='ltr'>secunda.</span> 
     </span>
     <span class='ocr_line' id='line_1_26' title="bbox 29 1928 1868 1982; baseline 0.002 -15"><span class='ocrx_word' id='word_1_236' title='bbox 29 1928 180 1967; x_wconf 86' lang='lat' dir='ltr'>Datum</span> <span class='ocrx_word' id='word_1_237' title='bbox 219 1928 379 1982; x_wconf 79' lang='lat' dir='ltr'>Prage,</span> <span class='ocrx_word' id='word_1_238' title='bbox 419 1940 495 1979; x_wconf 87' lang='lat' dir='ltr'>per</span> <span class='ocrx_word' id='word_1_239' title='bbox 532 1940 690 1967; x_wconf 89' lang='lat' dir='ltr'>manum</span> <span class='ocrx_word' id='word_1_240' title='bbox 729 1929 844 1968; x_wconf 87' lang='lat' dir='ltr'>curie</span> <span class='ocrx_word' id='word_1_241' title='bbox 882 1933 1025 1968; x_wconf 86' lang='lat' dir='ltr'>nostre</span> <span class='ocrx_word' id='word_1_242' title='bbox 1063 1930 1214 1969; x_wconf 88' lang='lat' dir='ltr'>notarii</span> <span class='ocrx_word' id='word_1_243' title='bbox 1255 1929 1569 1969; x_wconf 87' lang='lat' dir='ltr'>Rembothonis.</span> <span class='ocrx_word' id='word_1_244' title='bbox 1630 1930 1785 1970; x_wconf 89' lang='lat' dir='ltr'>Mense</span> <span class='ocrx_word' id='word_1_245' title='bbox 1825 1933 1868 1970; x_wconf 88' lang='lat' dir='ltr'>et</span> 
     </span>
     <span class='ocr_line' id='line_1_27' title="bbox 28 1995 545 2047; baseline -0.002 -12"><span class='ocrx_word' id='word_1_246' title='bbox 28 1995 257 2035; x_wconf 86' lang='lat' dir='ltr'>Indictione</span> <span class='ocrx_word' id='word_1_247' title='bbox 288 1997 545 2047; x_wconf 87' lang='lat' dir='ltr'>prescriptis.</span> 
     </span>
    </p>
   </div>
   <div class='ocr_carea' id='block_1_3' title="bbox 335 2110 1864 2254">
    <p class='ocr_par' dir='ltr' id='par_1_3' title="bbox 335 2110 1864 2254">
     <span class='ocr_line' id='line_1_28' title="bbox 335 2110 1864 2151; baseline 0.001 -9"><span class='ocrx_word' id='word_1_248' title='bbox 335 2111 365 2142; x_wconf 88' lang='lat' dir='ltr'><strong>E</strong></span> <span class='ocrx_word' id='word_1_249' title='bbox 389 2111 507 2151; x_wconf 85' lang='lat' dir='ltr'>copia</span> <span class='ocrx_word' id='word_1_250' title='bbox 530 2110 683 2142; x_wconf 81' lang='lat' dir='ltr'>vidimata</span> <span class='ocrx_word' id='word_1_251' title='bbox 699 2112 728 2141; x_wconf 91' lang='lat' dir='ltr'>in</span> <span class='ocrx_word' id='word_1_252' title='bbox 742 2120 851 2142; x_wconf 87' lang='lat' dir='ltr'>musco</span> <span class='ocrx_word' id='word_1_253' title='bbox 875 2111 1089 2143; x_wconf 88' lang='lat' dir='ltr'>Brunensi.</span> <span class='ocrx_word' id='word_1_254' title='bbox 1113 2130 1154 2134; x_wconf 91' lang='lat'>—</span> <span class='ocrx_word' id='word_1_255' title='bbox 1178 2112 1258 2143; x_wconf 84' lang='lat' dir='ltr'>Item</span> <span class='ocrx_word' id='word_1_256' title='bbox 1272 2114 1463 2143; x_wconf 79' lang='lat' dir='ltr'>asservatur</span> <span class='ocrx_word' id='word_1_257' title='bbox 1486 2112 1702 2144; x_wconf 84' lang='lat' dir='ltr'>authenticum</span> <span class='ocrx_word' id='word_1_258' title='bbox 1726 2112 1864 2144; x_wconf 79' lang='lat' dir='ltr'>vidimus</span> 
     </span>
     <span class='ocr_line' id='line_1_29' title="bbox 437 2161 1863 2205; baseline 0.002 -14"><span class='ocrx_word' id='word_1_259' title='bbox 437 2162 585 2192; x_wconf 81' lang='lat' dir='ltr'>abbatum</span> <span class='ocrx_word' id='word_1_260' title='bbox 621 2161 870 2192; x_wconf 81' lang='lat' dir='ltr'>Theoderici</span> <span class='ocrx_word' id='word_1_261' title='bbox 902 2161 1061 2193; x_wconf 89' lang='lat' dir='ltr'>Montis</span> <span class='ocrx_word' id='word_1_262' title='bbox 1102 2161 1226 2204; x_wconf 84' lang='lat' dir='ltr'>Syon,</span> <span class='ocrx_word' id='word_1_263' title='bbox 1270 2166 1302 2194; x_wconf 84' lang='lat' dir='ltr'>et</span> <span class='ocrx_word' id='word_1_264' title='bbox 1339 2163 1505 2205; x_wconf 85' lang='lat' dir='ltr'>Hogerii</span> <span class='ocrx_word' id='word_1_265' title='bbox 1547 2162 1863 2204; x_wconf 84' lang='lat' dir='ltr'>Milowicensis‚</span> 
     </span>
     <span class='ocr_line' id='line_1_30' title="bbox 437 2211 1804 2254; baseline 0.003 -12"><span class='ocrx_word' id='word_1_266' title='bbox 437 2211 481 2243; x_wconf 87' lang='lat' dir='ltr'>dt.</span> <span class='ocrx_word' id='word_1_267' title='bbox 506 2212 646 2254; x_wconf 84' lang='lat' dir='ltr'>Pragae,</span> <span class='ocrx_word' id='word_1_268' title='bbox 671 2221 779 2244; x_wconf 77' lang='lat' dir='ltr'>mense</span> <span class='ocrx_word' id='word_1_269' title='bbox 802 2212 937 2254; x_wconf 79' lang='lat' dir='ltr'>Martio,</span> <span class='ocrx_word' id='word_1_270' title='bbox 962 2212 1077 2245; x_wconf 68' lang='lat'>12⁴3.</span> <span class='ocrx_word' id='word_1_271' title='bbox 1100 2233 1143 2238; x_wconf 78' lang='lat'>—</span> <span class='ocrx_word' id='word_1_272' title='bbox 1166 2215 1196 2245; x_wconf 91' lang='lat' dir='ltr'>in</span> <span class='ocrx_word' id='word_1_273' title='bbox 1219 2214 1354 2245; x_wconf 88' lang='lat' dir='ltr'>archivo</span> <span class='ocrx_word' id='word_1_274' title='bbox 1377 2216 1562 2246; x_wconf 87' lang='lat' dir='ltr'>monasterii</span> <span class='ocrx_word' id='word_1_275' title='bbox 1587 2214 1804 2247; x_wconf 68' lang='lat' dir='ltr'>Siloensis.</span> 
     </span>
    </p>
   </div>
  </div>
 </body>
</html>
