2155 2928
1149 200 1214 240 72

256 343 324 395 qui
357 354 432 394 pro
464 343 599 384 nobis.
633 346 674 382 et
706 342 866 382 honore
898 341 1044 394 Regni
1076 340 1206 379 nostri
1240 338 1475 378 nullatenus
1507 336 1728 379 formidant
1759 350 1974 391 exponere
2005 342 2094 394 plu.

254 413 341 451 ries
374 423 445 451 res
478 416 521 450 et
560 423 728 462 corpus.
762 415 803 450 et
837 410 1115 461 prosperitate
1154 410 1296 446 nostre
1328 409 1449 445 terre.
1491 418 1569 457 que
1600 407 1645 445 in
1683 419 1838 458 magna
1874 412 1993 460 parte
2019 424 2093 463 per

254 479 573 519 destructionem
621 480 897 518 Tartarorum
941 480 1003 516 est
1045 475 1269 514 destructa.
1311 475 1363 513 ad
1409 475 1724 525 reparacionem
1769 476 1832 514 sui
1879 478 2097 521 remedium

254 547 485 587 inuenimus
513 542 712 597 speciale.
748 557 823 596 per
847 544 954 596 quod
988 548 1030 582 et
1052 543 1184 582 honor
1217 546 1258 581 et
1286 542 1416 581 decus
1448 546 1591 581 nostre
1613 543 1843 582 maiestatis
1875 550 2092 599 augeatur.

254 619 296 654 et
328 617 446 654 ciues
487 615 661 665 predicti
694 614 818 653 dante
851 613 1010 652 domino
1051 611 1104 650 de
1137 611 1275 661 inopia
1316 610 1368 649 ad
1402 621 1504 661 opes
1547 611 1831 650 subleuentur.
1869 612 2024 653 Damus
2053 618 2093 657 et

253 684 518 722 concedimus
552 684 614 721 eis
647 681 829 720 annuale
868 678 998 718 sorum
1032 680 1071 718 in
1104 677 1212 718 festo
1245 679 1485 718 Natiuitatis
1524 679 1659 718 Beate
1693 679 1890 733 Virginis
1921 681 1962 720 in
1993 683 2091 724 omni

252 750 444 790 libertate
491 749 763 789 statuendum.
828 747 893 786 Ad
945 748 1138 786 maiorem
1177 750 1312 786 autem
1351 747 1618 786 securitatem
1663 748 1850 787 omnibus
1883 748 1935 788 de
1972 751 2090 791 terris

253 819 401 858 alienis
440 817 704 857 uenientibus
744 815 797 854 ad
836 815 1043 854 nundinas
1093 826 1233 854 eorum
1274 820 1433 866 septem
1474 815 1564 854 dies
1606 816 1814 855 ueniendi.
1862 820 1903 855 et
1941 822 2091 869 septem

253 885 344 925 dies
384 888 424 925 in
464 885 552 925 soro
595 884 781 935 predicto
815 884 1080 922 mercimonia
1122 884 1406 935 pertractandi
1447 885 1538 923 sine
1578 883 1761 935 quolibet
1801 885 2090 935 impedimento.

253 955 345 993 sine
379 954 560 1005 qualibet
593 953 828 991 exactione.
854 955 1014 1003 septem
1048 952 1139 992 dies
1172 952 1352 991 abeundi
1375 952 1641 1002 permittimus
1676 963 1751 1002 per
1782 957 1926 993 nostre
1957 954 2091 995 Maie-

251 1023 371 1061 statis
404 1022 617 1060 dexteram
658 1020 905 1059 libertatem.
967 1020 1220 1060 Adicientes
1262 1020 1431 1059 eisdem.
1464 1024 1506 1059 ut
1539 1020 1621 1059 sint
1651 1020 1774 1059 liberi
1815 1025 1857 1060 et
1887 1023 2023 1061 securi
2053 1024 2089 1063 in
2154 1065 2155 1070 ,

251 1090 438 1129 omnibus
471 1090 549 1128 uiis
583 1092 697 1127 terre
739 1092 896 1128 nostre.
929 1089 970 1128 in
1003 1089 1188 1128 omnibus
1221 1088 1441 1127 theloneis.
1482 1089 1523 1126 in
1557 1088 1743 1127 omnibus
1777 1100 1920 1140 pacem
1952 1093 1993 1130 et
2021 1101 2090 1131 se-

250 1158 465 1196 curitatem
499 1156 719 1196 habentes.
753 1167 833 1208 que
866 1157 918 1195 ad
952 1167 1092 1196 eorum
1125 1156 1336 1196 comodum
1362 1157 1604 1210 excogitari
1637 1162 1822 1207 possunt.
1855 1158 1987 1197 donec
2017 1158 2090 1198 deo

249 1227 396 1265 comite
439 1226 623 1276 peractis
670 1226 1050 1279 negociacionibus
1098 1225 1151 1264 ad
1198 1225 1366 1276 propria
1406 1229 1684 1264 reuertantur.
1747 1225 1796 1267 Si
1835 1226 1926 1277 quis
1965 1231 2090 1266 autem
2150 1244 2151 1256 π

248 1294 460 1344 predictas
500 1294 719 1333 libertates
759 1294 918 1332 uiolare
952 1294 1261 1344 presumpserit.
1304 1294 1442 1344 capite
1484 1293 1722 1343 priuabitur.
1764 1297 1806 1333 et
1844 1305 1933 1333 cum
1971 1294 2090 1334 rebus

247 1362 337 1401 eius
369 1362 458 1401 leso
492 1361 747 1415 condignam
786 1360 1124 1400 satisfactionem.
1162 1361 1359 1400 uidelicet
1392 1361 1553 1412 duplum
1594 1361 1853 1401 restituendo
1886 1360 2089 1402 faciemus.
2148 1366 2149 1375 ¹

247 1430 295 1469 In
334 1431 452 1469 cuius
499 1431 560 1469 rei
602 1431 875 1469 testimonium
925 1435 1163 1481 presentem
1204 1431 1402 1483 paginam
1443 1430 1668 1468 conscribi.
1715 1433 1757 1469 et
1795 1431 1924 1484 sigilli
1967 1431 2090 1472 nostri
2146 1476 2148 1479 ζ

246 1498 463 1538 munimine
495 1496 667 1537 fecimus
700 1498 903 1537 roborari.
945 1498 1101 1537 Testes
1135 1502 1270 1537 autem
1302 1501 1398 1537 sunt
1429 1497 1498 1536 hii.
1530 1498 1597 1536 W
1600 1498 1696 1537 itko.
1730 1498 1782 1537 de
1815 1498 1936 1537 Noua
1968 1498 2088 1539 domo.
2146 1512 2147 1518 ¹

246 1565 425 1605 Pardus.
465 1570 610 1605 noster
642 1568 913 1606 camerarius.
952 1566 1148 1620 Nagrad.
1187 1566 1387 1606 Andreas
1420 1567 1689 1605 camerarius.
1728 1566 1888 1606 Milich.
1922 1570 1963 1607 et
1992 1567 2088 1607 Idik.

246 1632 379 1673 frater
411 1635 514 1674 eius.
547 1635 737 1674 Beneda.
779 1633 907 1674 Cerh.
940 1635 1197 1689 pul-grauius
1238 1634 1290 1674 de
1322 1635 1577 1685 Meydberh.
1617 1638 1658 1674 et
1690 1635 1757 1674 alii
1792 1646 1912 1687 quam
1944 1635 2088 1686 plures.

248 1701 398 1742 Datum
430 1704 472 1742 in
497 1703 682 1742 Brunna.
716 1714 792 1754 per
816 1715 960 1741 manus
986 1703 1260 1742 Prisnoborii.
1294 1704 1410 1742 curie
1443 1706 1589 1742 nostre
1620 1703 1781 1741 notarii.
1829 1704 1939 1742 Acta
1963 1706 2088 1743 autem

247 1774 342 1811 sunt
362 1771 455 1811 hec.
479 1772 604 1811 Anno
629 1772 940 1810 incarnacionis
965 1771 1114 1810 domini
1134 1772 1195 1811 M.
1220 1769 1309 1812 CC.
1335 1771 1430 1811 XL.
1449 1771 1544 1810 vll.
1568 1774 1609 1809 et
1636 1770 1786 1819 Quinto
1809 1771 1956 1810 Nonas
1978 1771 2088 1812 Maii.

555 1870 609 1902 Ex
632 1870 829 1912 originali
860 1871 891 1902 in
914 1871 1006 1902 curia
1035 1868 1091 1912 Op
1102 1871 1274 1902 aviensi.
1304 1888 1347 1893 -
1375 1868 1525 1911 Sigillum
1547 1869 1671 1901 laesum
1694 1868 1862 1911 appendet
1889 1871 2038 1912 equestre
2058 1870 2088 1901 et

658 1922 859 1952 consuetum.

1070 2035 1274 2078 XCVIII.

246 2136 362 2177 Idem
387 2139 543 2179 civitati
566 2138 858 2179 Frendentlml
880 2139 923 2178 in
948 2141 1186 2179 restam-um
1207 2142 1304 2191 post
1328 2138 1648 2179 destructionem
1672 2151 1698 2178 α
1725 2138 1918 2178 Tartar-is
1939 2137 2086 2191 factam

287 2217 409 2246 usum
441 2206 620 2247 thelonei
651 2210 690 2247 et
718 2209 849 2259 quinti
879 2207 1070 2247 stollom's
1102 2207 1509 2259 arqentifodinarum
1544 2208 1588 2246 in
1618 2207 1828 2246 Beneaow
1860 2205 2052 2246 concedit.

700 2277 774 2317 Dt.
805 2277 996 2328 Brwwe,
1029 2276 1056 2315 1
1063 2277 1109 2317 V.
1140 2277 1288 2316 Nonas
1319 2276 1444 2328 Maji,
1483 2274 1634 2316 1247.

417 2366 478 2426 In
510 2387 672 2427 nomine
705 2387 855 2426 domini
887 2398 1020 2426 amen.
1070 2387 1160 2427 Nos
1193 2386 1369 2426 Premisl
1402 2386 1468 2425 dei
1500 2386 1654 2440 gracia
1685 2385 1868 2426 marchio
1900 2383 2085 2426 Morauie
2130 2379 2131 2384 ’

249 2453 504 2492 serenissimi
538 2455 659 2508 regis
686 2455 944 2495 WVencezlai
977 2456 1110 2506 quarti
1136 2455 1335 2495 Bollemie
1368 2453 1473 2494 filius
1506 2455 1692 2494 omnibus
1720 2453 1876 2496 Christi
1907 2452 2085 2493 fidelibus
2128 2467 2129 2473 ¹

250 2519 289 2557 in
323 2524 574 2570 perpetuum.
636 2523 785 2562 Notum
825 2522 999 2563 facimus
1033 2523 1141 2574 quod
1185 2535 1261 2562 nos
1295 2523 1347 2562 de
1386 2524 1529 2562 innata
1564 2524 1683 2563 nobis
1723 2522 1940 2562 clementia
1971 2523 2085 2560 inno-

248 2590 477 2628 tescentes.
511 2591 709 2640 quomodo
737 2590 881 2632 fideles
915 2593 1044 2631 nostri
1072 2593 1189 2632 ciues
1223 2592 1275 2631 de
1307 2590 1594 2631 F’reudentlml
1618 2603 1692 2642 pro
1718 2591 1838 2631 nobis
1871 2593 1913 2629 et
1933 2589 2084 2629 honore
