2155 2928
1122 175 1223 215 174

248 324 533 376 penitenciarii
569 325 610 361 et
647 321 774 360 nuntii
815 318 966 370 vestri,
1007 315 1261 366 promisimus
1295 318 1337 353 et
1376 314 1597 352 iurauimus
1637 314 1759 352 tactis
1800 315 2083 354 sacrosanctis

250 393 490 445 euangeliis
524 391 630 429 bona
665 388 741 427 lide
780 392 819 426 et
851 387 942 424 sine
976 384 1057 422 vllo
1090 383 1193 421 malo
1229 382 1418 435 ingenio,
1450 382 1490 419 in
1524 381 1711 419 manibus
1745 381 1927 420 eiusdem
1960 383 2086 422 nuntii

248 463 286 500 in
320 461 529 511 presentia
565 456 856 496 venerabilium
898 456 1051 503 patrum
1093 450 1289 489 videlicet
1322 448 1536 489 Chuni-adi
1577 450 1883 502 Frisingensis,
1922 449 2083 490 Alberti

246 527 565 578 Ratisponensis
599 529 638 563 et
664 521 875 562 Berlitoldi
904 519 1167 558 Patauiensis
1195 518 1497 570 episcoporum,
1521 517 1787 567 presentibus
1812 517 1933 555 etiam
1956 514 2083 558 fratre

246 596 460 634 Friderico
493 592 729 647 gual-diano
764 588 929 628 fratrum
963 587 1158 625 minorum
1191 585 1243 624 de
1275 585 1410 639 Stein,
1453 588 1495 624 et
1533 583 1662 623 fratre
1694 584 1946 624 Meinhardo
1984 596 2084 636 sup-

246 665 384 714 priore
426 660 593 700 fratrum
627 658 935 697 Predicatorum
976 654 1028 692 de
1061 652 1258 707 Clu-ems,
1304 657 1345 692 et
1384 654 1504 692 etiam
1550 653 1627 692 sub
1672 657 1814 691 nostro
1861 654 2084 693 iuramento
2146 680 2149 707 t

247 730 479 781 paternitati
514 731 654 766 vestre
687 729 831 764 tenore
862 721 1114 772 presentium
1148 722 1424 774 promittimus,
1465 720 1571 772 quod
1611 732 1687 759 nos
1728 721 1973 760 assistemus
2011 731 2084 772 per

245 810 322 837 nos
355 801 396 836 et
427 800 591 835 nostros
625 805 710 832 cum
744 792 882 843 terris,
915 790 1067 828 castris
1101 793 1142 828 et
1174 789 1411 828 ciuitatibus
1444 790 1598 828 nostris
1631 793 1673 828 et
1704 800 1792 828 cum
1833 792 1918 828 toto
1961 799 2083 839 posse

244 870 385 904 nostro
433 873 600 902 romane
645 860 826 899 ecclesie
876 861 917 896 et
964 869 1116 896 summo
1164 855 1341 908 pontifici
1389 857 1456 908 qui
1505 868 1579 907 pro
1628 860 1813 908 tempore
1860 855 2004 910 fuerit,
2043 859 2084 897 et

246 932 458 972 XVillelmo
490 929 632 968 illustri
668 928 763 980 regi
791 927 1082 978 Romanorum,
1109 925 1299 976 quamdiu
1331 925 1372 963 in
1406 926 1546 979 gratia
1580 929 1622 964 et
1654 925 1874 964 deuotione
1902 924 2081 964 eiusdem

243 1001 430 1039 Romane
470 996 651 1036 ecclesie
692 995 932 1047 perstiterit,
966 997 1007 1033 et
1039 993 1268 1032 iuuabimus
1304 1004 1394 1032 eum
1437 992 1612 1032 fideliter
1652 996 1694 1032 et
1732 994 1915 1046 sincere,
1954 995 1996 1032 et
2031 992 2083 1032 ad

243 1068 371 1117 ipsius
405 1065 525 1118 regis
558 1064 881 1115 requisitionem,
915 1072 1033 1112 quam
1067 1062 1187 1100 citius
1220 1061 1427 1100 commode
1468 1062 1705 1114 poterimus,
1745 1061 1947 1099 adibimus
1988 1071 2084 1111 pre-

243 1135 417 1172 sentiam
449 1132 538 1171 eius
572 1135 613 1170 et
645 1131 891 1181 recipiemus
931 1129 983 1168 ab
1017 1140 1066 1168 eo
1100 1129 1286 1182 regalia,
1329 1133 1370 1168 et
1408 1129 1485 1168 sibi
1528 1129 1765 1182 homagium
1804 1129 1947 1182 ligium
1986 1138 2084 1179 pre-

243 1201 459 1252 stabimus3
500 1202 541 1238 et
579 1199 659 1237 hec
702 1199 835 1237 omnia
875 1208 955 1249 que
996 1198 1251 1248 promisimus
1285 1200 1324 1236 et
1358 1198 1578 1236 iurauimus
1624 1198 1663 1236 in
1698 1197 1777 1235 hac
1819 1200 1951 1251 parte,
1988 1207 2084 1235 ser-

241 1269 426 1307 uabimus
460 1277 561 1318 pure
595 1270 635 1305 et
668 1267 836 1305 sincere
869 1271 911 1304 et
942 1266 1034 1304 sine
1068 1264 1212 1304 fraude
1245 1268 1329 1304 toto
1362 1269 1546 1316 tempore
1574 1267 1659 1304 vite
1693 1269 1847 1304 nostre.
1894 1265 1942 1304 In
1968 1265 2083 1304 cuius

242 1338 302 1375 rei
328 1336 597 1375 testimonium
623 1342 664 1373 et
688 1334 935 1373 euidentiam
964 1334 1187 1384 pleniorem
1215 1338 1435 1384 presentes
1461 1334 1604 1372 literas
1629 1333 1784 1387 sigillis
1812 1333 2084 1384 predictorum

242 1405 368 1443 nuntii
407 1414 456 1442 ac
496 1403 774 1453 penitentiarii
818 1406 858 1440 et
903 1403 1210 1454 episcoporum,
1251 1402 1476 1456 guardiani
1513 1405 1554 1440 et
1595 1402 1826 1452 supprioris
1859 1412 1909 1440 ac
1942 1404 2082 1440 nostro

242 1471 410 1511 fecimus
443 1471 634 1524 sigillari.
688 1471 839 1509 Datum
873 1471 911 1508 in
946 1468 1137 1523 Chrems,
1171 1470 1268 1509 XV.
1300 1469 1520 1509 Kalendas
1554 1469 1763 1524 Octobris,
1795 1480 1904 1509 anno
1938 1469 2084 1509 domini

244 1541 451 1580 millesimo
486 1539 767 1578 ducentesimo
800 1539 922 1577 tertio
956 1538 1081 1588 (sic).

548 1637 602 1669 Ex
625 1637 823 1678 originali
847 1646 917 1667 cum
936 1636 1052 1677 sigillis
1072 1636 1172 1667 laesis
1192 1637 1221 1667 in
1243 1637 1340 1667 tabul.
1359 1636 1568 1667 Vaticanis
1593 1635 1770 1677 descripsit
1788 1636 1825 1668 F.
1838 1631 2085 1676 Palack3'w—

650 1688 735 1720 Exc.
756 1689 970 1719 inem-rectius
989 1689 1020 1718 in
1039 1687 1245 1729 Raynaldi
1263 1687 1444 1719 Annalibus
1462 1686 1504 1718 ad
1522 1696 1637 1718 annum
1656 1685 1771 1718 1203.
1789 1687 1826 1719 T.
1840 1687 1937 1719 XIII.
1953 1696 1985 1728 p.
2000 1684 2086 1717 105·

1115 1868 1204 1912 CC.

246 1972 408 2010 Brnno.
441 1973 660 2023 episeopus
695 1972 999 2021 Olomucensis‚
1039 1985 1097 2011 ατ
1129 1972 1288 2023 synodo
1328 1971 1626 2013 Oremsiriensz·
1658 1971 1842 2010 dect-etat
1877 1970 1928 2009 de
1956 1981 2083 2022 prae·

247 2040 451 2079 dic-alione
490 2044 527 2078 e!
565 2042 829 2092 confessione
868 2042 911 2079 in.
947 2041 1140 2092 furorem
1176 2041 1361 2092 fratrum
1403 2040 1756 2079 Praedicatorum
1797 2042 1835 2077 et
1870 2039 2082 2078 le'norum

426 2120 527 2146 suae
558 2108 774 2148 dioecesis.
838 2110 910 2148 Dc.
944 2110 987 2147 in
1018 2108 1225 2159 ,nodi-tce,
1258 2110 1302 2148 in
1334 2108 1511 2147 adventu
1543 2108 1713 2159 domini,
1753 2106 1904 2146 1253.

384 2199 609 2267 Bomio)
643 2219 707 2257 dei
742 2220 883 2271 gratia
917 2218 1202 2258 Olomucensis
1236 2219 1471 2268 episcopus.
1518 2218 1696 2256 Dilectis
1728 2218 1768 2255 in
1794 2214 1964 2256 Christo
1997 2214 2084 2254 filiis
2133 2244 2135 2250 .

249 2285 456 2323 vniuersis
490 2286 812 2339 archidiaconis,
837 2286 1230 2339 archipresbyteris,
1257 2286 1430 2325 decanis
1455 2292 1496 2325 et
1529 2286 1621 2324 aliis
1646 2285 1916 2323 ecelesiarum
1944 2287 2082 2323 recto·

249 2351 375 2403 ribus,
409 2364 482 2401 per
508 2353 821 2393 Olonna-ensem
855 2356 1061 2393 ciuitatem
1095 2358 1137 2393 et
1168 2355 1364 2393 diocesim
1398 2355 1643 2405 constitutiS,
1676 2353 1846 2391 salutem
1880 2355 1922 2391 et
1953 2352 2083 2391 bene·
2132 2366 2133 2374 ¹

250 2417 475 2457 dictionem.
538 2421 795 2460 Meminimus
835 2435 910 2461 nos
951 2433 1083 2473 nuper
1122 2423 1159 2461 in
1200 2422 1360 2473 synodo
1401 2425 1563 2474 nostra,
1604 2432 1722 2472 quam
1764 2421 1805 2459 in
1844 2418 2084 2460 Chremsier

250 2485 562 2539 celebrauimuS,
603 2491 795 2540 generali
839 2491 879 2528 in
918 2495 1063 2529 vestra
1113 2491 1324 2540 presentia
1373 2489 1614 2541 ordinasse,
1663 2492 1705 2527 ut
1750 2488 1994 2527 simulationi
2043 2487 2084 2524 et
2130 2484 2132 2508 l

251 2551 481 2601 deceptioni
521 2565 678 2606 eorum,
719 2559 785 2608 qui
827 2570 906 2598 non
947 2558 1150 2608 premissa
1183 2569 1347 2597 suorum
1380 2555 1645 2596 consessione
1683 2559 1965 2608 peccatorum,
2006 2563 2082 2593 nec
2129 2569 2130 2572 ¹
