2155 2928
1066 154 1173 194 270

197 301 446 353 presentium
495 301 776 351 inspectores,
816 296 921 348 quod
963 296 1025 333 ius
1064 295 1307 344 patronatus
1350 291 1533 330 ecclesie
1573 293 1717 329 nostre
1764 290 1804 329 in
1845 290 2034 343 Dobran,

197 381 276 421 que
310 371 397 408 iure
432 369 682 407 hereditario
717 378 791 405 nos
825 363 1042 415 contingit,
1069 361 1120 399 ob
1146 362 1365 399 animarum
1397 362 1625 397 nostrarum
1653 362 1694 396 et
1722 360 2032 411 progenitorum

195 442 426 476 nostrorum
460 436 678 474 remedium
712 439 751 472 et
784 432 954 471 salutem
990 429 1204 482 religiosis
1238 433 1279 465 et
1312 428 1472 465 deuotis
1507 427 1585 464 deo
1626 424 1801 478 feminis,
1841 426 2034 468 videlicet

196 505 410 545 sororibus
456 508 602 542 sancte
635 502 770 541 Marie
803 498 1066 551 Magdalene
1107 496 1346 534 contulimus
1381 496 1418 532 in
1454 498 1692 544 perpetuum
1725 494 2026 549 possidendum,

195 577 240 611 ut
279 572 421 611 eedem
461 581 630 609 sorores
675 568 752 606 sibi
793 565 984 605 edificent
1028 564 1080 602 ibi
1122 564 1292 615 domum,
1335 565 1377 601 et
1415 560 1594 600 officient
1634 563 1761 611 ipsam
1802 562 2034 616 ecclesiam,

196 641 333 690 ibique
367 639 466 678 ordo
500 637 721 677 earundem
754 645 953 682 sororum,
987 632 1148 670 scilicet
1180 634 1328 669 sancte
1363 630 1502 669 Marie
1535 629 1797 683 Magdalene
1821 640 1910 669 cum
1933 641 2035 681 pace

196 719 329 758 usque
376 708 414 745 in
455 705 570 745 finem
615 703 847 742 seculorum
890 700 1081 739 laudibus
1124 699 1189 737 dei
1234 702 1369 737 vacet.
1432 697 1499 737 Ad
1542 699 1659 736 cuius
1701 697 1762 736 rei
1804 697 2033 739 uberiorem

196 776 424 814 memoriam
472 777 513 812 et
559 771 759 810 cautelam
805 779 984 819 presens
1033 769 1095 806 eis
1136 767 1398 817 porreximus
1441 767 1769 819 instrumentum,
1808 766 2036 819 sigillorum

197 847 424 881 nostrorum
472 840 726 889 appensione
775 840 816 875 et
855 837 1070 875 munimine
1121 835 1369 873 roboratum.
1415 833 1592 872 Testes:
1635 833 1937 872 Wernhardus
1986 834 2037 874 de

197 909 338 948 Plusk.
373 908 601 959 Gerungus
642 905 693 943 (le
725 904 1030 943 Herttenstein.
1062 902 1299 942 Hadmarus
1339 901 1391 941 de
1424 901 1577 942 Steriz.
1618 901 1786 941 Grolom
1827 901 1878 940 de
1910 901 2039 942 Leim.

195 977 346 1015 Petrus
399 975 597 1025 plebanus
644 973 696 1011 de
741 972 912 1011 usi-ein.
963 971 1056 1012 Otto
1100 971 1354 1021 capellanus.
1402 968 1654 1010 chunradus
1696 970 1927 1023 burgensis
1977 970 2028 1010 de

194 1045 447 1095 Dobrinsan,
480 1046 521 1080 et
553 1042 620 1080 alii
653 1053 771 1092 quam
805 1041 957 1091 plures.
1023 1040 1170 1078 Datum
1204 1041 1244 1078 in
1280 1038 1434 1078 Wrein
1476 1039 1549 1077 XI.
1589 1038 1806 1077 Kalendas
1850 1038 2035 1091 augusti,

194 1112 353 1151 scilicet
398 1112 437 1149 in
478 1108 584 1149 sesto
629 1114 777 1148 sancte
825 1108 964 1148 Marie
1010 1107 1293 1162 Magdalene,
1326 1119 1435 1146 anno
1483 1107 1779 1145 incarnationis
1830 1106 2031 1145 dominice

194 1179 253 1220 Μ.
287 1176 374 1220 CC.
408 1178 755 1231 quinquagesimo
789 1188 910 1216 nono.
942 1207 945 1209 >

498 1293 664 1324 Dobner
686 1293 781 1323 —in
803 1291 1013 1323 Annalium
1037 1291 1075 1323 T.
1099 1291 1174 1322 VH.
1199 1289 1276 1323 MS.
1301 1299 1343 1321 ex
1366 1290 1501 1321 archivo
1526 1287 1874 1321 Chotesoviensi.

978 1472 1241 1516 CCLxxx.

197 1593 429 1641 otakarus,
470 1593 662 1632 dominus
700 1594 822 1644 reyni
860 1594 1082 1639 Βοέιηὶαε,
1129 1593 1222 1632 dua:
1260 1593 1459 1632 Ameriae
1504 1595 1543 1630 el
1578 1591 1768 1630 marchio
1806 1590 2039 1641 Marna-iae,

195 1663 444 1702 monasterio
476 1662 777 1712 Lilomyslense'
810 1661 1010 1711 concedit,
1044 1664 1090 1700 ul
1119 1662 1209 1712 eJ’us
1243 1661 1389 1699 civitas
1422 1660 1636 1710 Lilomyffl
1660 1660 1758 1710 jure
1789 1662 1828 1698 el
1856 1658 2040 1698 libertale

225 1731 430 1769 civitatum
462 1731 676 1781 reyiarum
704 1730 900 1781 yaadeat.
956 1731 1028 1769 Dc.
1061 1727 1177 1780 apud
1206 1730 1415 1782 Prayam,
1459 1728 1528 1768 1²1.
1562 1727 1783 1767 Kalendas
1815 1726 2005 1778 Auqustz,

1047 1796 1196 1837 1259.

336 1896 449 1957 Nos
483 1915 734 1969 Othacarus,
768 1917 834 1967 qui
868 1919 910 1954 et
934 1914 1153 1967 Premizel,
1187 1915 1253 1954 dei
1276 1916 1428 1969 gracia
1462 1915 1646 1954 dominus
1674 1914 1817 1968 Regni
1850 1913 2030 1966 Boemie,

195 1983 297 2022 Dux
328 1984 499 2022 Austrie
533 1988 573 2022 et
606 1984 799 2023 Marchio
833 1984 1040 2022 Morauie.
1090 1983 1287 2022 Omnibus
1330 1995 1404 2034 per
1437 1983 1633 2036 Regnum
1677 1983 1846 2021 Boemie
1885 1981 2041 2020 consti-

196 2052 293 2090 tutis
326 2053 505 2105 gratiam
539 2064 652 2091 suam
687 2057 728 2091 et
761 2063 878 2091 omne
911 2052 1071 2090 bonum.
1105 2052 1309 2091 Nouerint
1342 2052 1593 2101 presentium
1627 2051 1903 2103 inspectores,
1936 2047 2040 2100 quod

197 2130 273 2157 nos
306 2119 357 2157 ob
392 2121 667 2158 reuerentiam
701 2121 824 2158 beate
857 2121 1037 2173 uirginis
1079 2123 1120 2158 et
1153 2121 1436 2159 remissionem
1475 2123 1707 2157 nostrorum
1749 2118 2036 2169 peccaminum,

199 2186 437 2225 contulimus
479 2191 520 2225 et
560 2189 844 2226 concessimus
889 2187 1121 2227 venerabili
1155 2188 1309 2227 Abbati
1353 2191 1394 2226 et
1427 2186 1661 2226 Conuentui
1702 2186 1742 2224 in
1783 2183 2043 2226 Lvthomicel

202 2255 332 2291 omnia
365 2255 452 2293 iura
488 2258 530 2292 et
560 2255 796 2308 libertates,
830 2267 935 2307 quas
969 2256 1008 2294 in
1042 2256 1128 2294 suis
1164 2255 1421 2308 priuilegiis,
1453 2266 1478 2293 a
1511 2255 1664 2293 nostris
1697 2252 2036 2293 antecessoribus

202 2319 277 2357 sibi
311 2321 389 2359 rite
423 2322 598 2375 collatis,
632 2327 860 2361 noscuntur
891 2323 1066 2376 habere,
1100 2324 1304 2376 volentes,
1337 2328 1382 2361 vt
1415 2321 1576 2363 Ciuitas
1609 2323 1787 2373 ipsorum
1820 2322 1860 2360 in
1884 2319 2043 2360 mmo-

203 2387 322 2425 micel
360 2389 463 2426 omni
506 2390 594 2428 iure
636 2394 677 2428 et
722 2391 915 2430 libertate
954 2391 1151 2444 gaudere
1199 2391 1371 2443 debeat,
1420 2402 1499 2442 qua
1547 2394 1687 2429 nostre
1727 2390 1919 2428 ciuitates
1969 2398 2040 2438 per

204 2452 407 2493 Boemiam
447 2460 540 2495 sunt
580 2461 785 2497 contente.
835 2460 882 2497 ln
924 2460 1040 2498 cuius
1081 2460 1142 2498 rei
1181 2459 1453 2498 testimonium
1494 2469 1672 2509 presens
1711 2458 1812 2508 ipsis
1849 2456 2040 2506 scriptum

204 2518 294 2557 dari
327 2518 508 2574 fecimus,
533 2524 762 2576 sigillorum
790 2530 1018 2565 nostrorum
1045 2527 1259 2566 munimine
1288 2527 1535 2573 roboratum,
1559 2526 1736 2565 testibus
1761 2525 1826 2576 qui
1851 2525 2038 2574 aderant,
