2155 2928
927 167 1031 208 379

67 313 244 351 vestram
277 308 427 348 affectu
467 307 640 359 speciali
674 306 863 346 duximus
902 307 1205 361 requirendam⁷
1244 309 1283 347 in
1322 309 1473 349 virtute
1512 311 1631 350 vobis
1663 314 1896 354 obedientie

64 379 248 418 districte
281 376 564 416 nichilominus
598 375 867 426 precipiendo
901 375 1163 427 mandantes3
1205 377 1396 426 quatinus
1431 390 1502 427 pro
1536 379 1670 418 diuina
1703 381 1895 432 beatique

64 445 332 497 Wenceziai‚
373 448 415 483 et
447 449 589 482 nostra
630 444 885 496 reuerentia,
927 447 968 481 et
999 454 1077 481 vos
1117 443 1264 482 dictum
1304 447 1526 497 negocium
1564 445 1766 486 habentes
1798 461 1899 498 pro-

66 515 232 566 pensius
264 511 598 564 commendatum,
624 512 797 549 nuncios
831 511 959 560 ipsius
986 511 1167 550 ecclesie
1201 523 1289 550 cum
1315 513 1366 551 ad
1399 525 1476 551 vos
1500 514 1691 552 venerint
1714 514 1899 568 benigne

64 582 255 632 recipere
288 590 338 619 ac
361 579 537 618 honeste
569 583 753 618 tractare
780 579 950 631 curetis7
984 578 1088 628 apud
1117 579 1275 629 plebem
1308 584 1488 619 vestram
1518 582 1645 631 ipsum
1679 585 1898 636 negocium

64 649 177 688 iuxta
209 648 517 698 requisitionem
557 650 598 686 et
630 644 953 685 informationem
997 647 1174 696 ipsorum
1207 649 1443 686 nunciorum
1476 647 1650 687 fideliter
1683 654 1723 688 et
1756 650 1899 689 effica-

64 717 168 756 citer
208 719 510 766 promouentes.
545 726 622 754 nec
663 715 715 753 ab
750 716 811 752 eis
851 713 957 764 quod
992 715 1153 764 penitus
1193 719 1234 754 et
1273 716 1497 754 districtius
1538 717 1778 770 inhibemus7
1812 730 1900 758 cum

64 784 352 824 necessitatem
386 784 514 834 ipsius
547 783 729 822 ecclesie
763 782 951 821 debeatis
985 784 1189 832 propriam
1219 789 1427 837 reputare⁷
1462 786 1693 834 porcionem
1726 786 1899 836 aliquam

65 852 264 906 exigatis.
327 851 487 890 Taliter
526 851 566 889 in
605 850 685 901 hijs
725 855 766 889 et
805 851 844 888 in
886 851 978 901 alijs
1023 862 1101 901 que
1142 853 1428 901 promotionem
1471 853 1639 905 nogocij
1674 855 1901 904 respiciunt

64 918 267 960 facientes
300 919 407 970 quod
441 930 496 957 ex
530 919 725 969 operibus
759 919 990 957 deuotionis
1024 923 1065 957 et
1097 920 1295 971 caritatis⁷
1335 931 1451 970 quam
1484 921 1765 971 principaliter
1797 922 1899 961 Olo-

64 988 244 1027 mucensi
293 987 478 1026 ecclesie
518 990 720 1037 tamquam
759 987 875 1024 matri
924 991 1067 1025 vestre
1107 997 1162 1025 ex
1202 986 1337 1025 debito
1379 998 1454 1025 vos
1493 998 1653 1040 gerere
1692 990 1899 1044 conuenit,

65 1056 230 1108 possitis
269 1056 412 1094 merito
452 1055 741 1093 commendari.
804 1055 859 1093 Et
901 1054 998 1092 licet
1030 1054 1081 1092 de
1124 1055 1307 1093 omnibus
1341 1055 1459 1093 vobis
1492 1054 1639 1094 firmam
1672 1055 1897 1096 habeamus

64 1121 246 1163 fiduciam
280 1122 387 1173 quod
428 1122 658 1161 mandatum
693 1126 872 1161 nostrum
913 1123 1046 1160 tocius
1079 1122 1294 1175 diligentie
1334 1122 1466 1161 studio
1507 1124 1657 1173 exequi
1697 1123 1898 1179 debeatis,

66 1190 347 1231 nichilominus
380 1194 516 1229 tamen
551 1202 640 1229 cum
674 1194 715 1229 et
747 1192 808 1229 sic
843 1191 1080 1229 deuotorum
1116 1195 1312 1229 noscatur
1342 1191 1574 1243 sinceritas,
1616 1194 1658 1229 et
1689 1191 1898 1231 rebellium

65 1259 328 1311 proteruitas⁷
373 1258 557 1297 dedimus
598 1258 720 1297 dictis
762 1259 921 1309 nuncijs
969 1260 1008 1297 in
1048 1258 1248 1296 mandatis
1289 1262 1332 1296 vt
1374 1258 1462 1296 illos
1503 1270 1604 1309 quos
1644 1260 1756 1297 circa
1797 1271 1896 1309 pro-

63 1327 274 1366 motionem
297 1326 479 1365 eiusdem
506 1327 674 1380 negocij
703 1327 871 1365 desides
905 1328 1117 1365 senserint
1141 1330 1182 1364 et
1206 1327 1400 1364 remissos
1434 1325 1483 1364 ad
1511 1330 1688 1364 nostram
1721 1327 1755 1364 si
1790 1325 1895 1366 infra

65 1394 257 1434 diocesim
290 1393 499 1447 fuerimus7
532 1396 596 1433 sin
630 1399 763 1433 autem
798 1394 850 1433 ad
884 1395 1031 1433 decani
1065 1398 1105 1432 et
1138 1394 1301 1443 capituli
1331 1394 1613 1433 Olomucensis
1648 1395 1898 1443 presentiam

65 1463 194 1502 citare
227 1463 408 1501 debeant
441 1475 513 1513 pro
546 1464 701 1502 meritis
735 1466 996 1515 recepturos7
1029 1474 1116 1500 cuin
1144 1461 1248 1501 tales
1283 1463 1420 1512 vtique
1446 1462 1483 1499 in
1510 1473 1675 1512 quorum
1701 1462 1897 1501 cordibus

65 1530 132 1570 illa
165 1541 282 1582 quam
317 1531 433 1570 matri
466 1542 542 1570 sue
575 1535 768 1569 tenentur
800 1542 960 1584 gerere
995 1530 1199 1569 videbitur
1232 1541 1306 1580 per
1330 1529 1643 1567 inobedientiam
1670 1529 1896 1568 huiusmodi

64 1599 217 1638 caritas
250 1599 481 1638 deuotionis
515 1600 715 1652 extincta⁷
756 1600 836 1638 sint
877 1600 1018 1637 merito
1061 1598 1265 1648 puniendi.
1325 1597 1527 1635 Preterea
1562 1601 1604 1635 vt
1637 1602 1895 1636 memoratum

66 1667 284 1720 negocium
318 1666 369 1705 ad
405 1667 616 1706 vtilitatem
659 1671 700 1706 et
740 1665 965 1718 profectum
1009 1666 1190 1705 ecclesie
1232 1670 1372 1704 nostre
1414 1663 1574 1703 felicius
1615 1671 1897 1719 prosperetur,

64 1745 203 1774 omnes
243 1734 527 1774 indifferenter
560 1735 664 1774 alias
699 1736 918 1785 petitiones
958 1739 999 1773 et
1032 1737 1124 1784 post
1164 1737 1205 1772 et
1244 1737 1340 1771 ante
1379 1733 1599 1785 negocium
1643 1732 1747 1771 istud
1790 1744 1893 1771 con-

65 1812 210 1841 cessas
258 1815 283 1842 a
332 1802 467 1856 nobis,
509 1803 799 1853 suspendimus
849 1807 890 1841 ct
929 1802 1220 1854 interdicimus,
1263 1811 1473 1852 quousque
1516 1799 1744 1838 inchoatum
1794 1799 1896 1839 010-

64 1871 269 1909 mucensis
293 1871 475 1910 ecclesie
502 1872 724 1925 negocium
750 1874 994 1924 peragatur.
1035 1870 1275 1909 Inhibentes
1301 1869 1523 1907 districtius
1550 1869 1695 1918 nequis
1723 1869 1896 1907 nuncius

65 1948 138 1977 seu
179 1940 340 1992 petitor7
381 1939 460 1977 loci
502 1940 795 1989 cuiuscumque
835 1939 988 1977 nostris
1028 1943 1170 1976 contra
1210 1936 1463 1975 interdictum
1504 1939 1543 1973 et
1582 1937 1896 1985 suspensionem

64 2005 301 2059 huiusmodi,
335 2007 482 2046 litteris
514 2008 573 2046 vti
606 2010 828 2058 presumat.
890 2006 1041 2045 Datum
1074 2005 1181 2056 apud
1216 2004 1361 2045 Ghelz.
1399 2005 1441 2042 in
1479 2003 1544 2042 die
1578 2003 1689 2042 beati
1720 2003 1894 2042 Nicolai.

66 2084 172 2114 anno
204 2074 351 2114 domini
384 2074 445 2114 M.
479 2073 569 2116 CC.
602 2075 742 2114 LXV.

367 2172 421 2203 Ex
444 2173 637 2215 originali
661 2174 693 2204 in
715 2172 849 2203 archivo
872 2171 1042 2212 capituli
1065 2169 1356 2202 olomucensis.

1661 2616 1691 2646 a*

1578 2617 1647 2658 48
