2155 2928
1030 269 1270 312 CCCXXI.

236 378 352 419 Idem
385 379 594 419 committit
632 378 825 429 episcopo
858 373 1085 423 Pmyenst,
1124 374 1171 411 ut
1199 369 1397 423 defendat
1434 371 1656 421 reliqtosos
1697 383 1731 410 s.
1764 370 1991 424 Sepulchri
2028 375 2070 416 in

236 447 418 488 Zde'raz
450 446 654 486 adt-ersus
686 443 910 495 capitulum
942 441 1144 479 ecclesiae
1177 439 1480 479 olomucensis.
1535 441 1606 480 Dt.
1647 440 1829 492 Viterbe't',
1869 441 1940 481 Vl.
1971 443 2069 484 Kal.

993 508 1117 560 Maje',
1156 507 1307 547 1261.

379 605 592 665 Urbanus
625 621 846 671 episcopus
884 629 1034 657 seruus
1066 627 1282 656 seruorum
1322 617 1402 656 dei.
1463 617 1709 657 Venerabili
1748 615 1866 657 fratri
1898 647 1909 658 .
1941 647 1952 658 .
1983 620 2072 671 epi-

237 703 364 743 scopo
404 689 616 743 Pragensi
655 688 826 726 salutem
866 690 908 725 et
949 686 1216 736 apostolicam
1255 686 1608 725 benediccionem.
1672 686 1826 726 Dilecti
1865 685 1932 726 filii
1971 716 1983 728 .
2019 716 2030 728 .
2060 718 2071 730 .

237 760 472 811 prepositus
515 761 557 796 et
588 754 740 794 fratres
774 754 916 793 domus
953 754 1152 793 Dominici
1186 753 1407 804 Sepulchri
1443 753 1495 793 de
1527 753 1697 795 Sderaz
1731 754 1851 794 nobis
1884 757 2072 809 grauiter

236 832 330 867 sunt
362 825 591 877 conquesti,
633 822 739 874 quod
773 822 959 861 decanus
999 826 1040 861 et
1072 822 1290 872 capitulum
1332 821 1620 862 Olomucensis
1661 823 1843 862 diocesis
1874 824 2072 864 Braneu-

237 908 336 945 sem,
369 896 671 934 Znoemensem
710 894 751 930 et
782 892 1059 929 Betouensem
1098 890 1306 929 ecclesias
1348 890 1400 929 ad
1445 891 1590 929 dictam
1632 891 1785 930 domum
1829 892 1948 942 pleno
1986 893 2073 934 iure
2148 930 2150 938 ‚

237 966 478 1013 spectantes
511 959 704 999 indebitis
729 959 1029 998 exaccionibus
1056 962 1321 1012 aggrauant,
1349 962 1390 998 et
1413 959 1644 998 molestant.
1694 958 1903 1008 Quocirca
1934 964 2074 1011 pater·
2148 985 2150 987 >

236 1031 349 1070 nitati
388 1033 457 1068 tue
497 1039 572 1079 per
612 1028 842 1078 apostolica
882 1028 1038 1078 scripta
1085 1027 1339 1080 mandamuS,
1378 1031 1597 1081 quatenus,
1637 1028 1674 1066 si
1715 1033 1781 1068 est
1820 1029 1891 1082 ita,
1931 1028 2075 1070 dictum
2148 1063 2149 1067 ,

237 1097 451 1150 decanum,
484 1095 592 1148 quod
625 1096 677 1134 ab
710 1095 937 1135 huiusmodi
971 1095 1272 1135 exaccionibus
1305 1096 1466 1135 omnino
1497 1096 1686 1150 desistat,
1717 1097 1947 1136 municione
1978 1108 2076 1148 pre-
2148 1102 2150 1107 ’

234 1167 361 1205 missa
406 1176 481 1215 per
529 1175 750 1203 censuram
799 1164 1130 1203 ecclesiasticam
1178 1164 1467 1215 appellacione
1516 1168 1672 1203 remota
1723 1166 1868 1216 preuia
1907 1166 2074 1206 racione
2148 1167 2150 1178 '

236 1233 472 1284 compellas.
534 1232 627 1271 Non
663 1232 869 1286 obstante,
909 1233 943 1271 si
977 1234 1054 1286 eis,
1098 1232 1165 1271 vel
1199 1233 1376 1283 ipsorum
1410 1233 1531 1272 alicui
1571 1245 1594 1272 3
1629 1233 1732 1273 sede
1765 1234 1994 1285 apostolica
2024 1234 2076 1275 sit

236 1301 444 1354 indultum,
477 1300 584 1351 quod
610 1300 824 1354 suspendi,
857 1301 926 1339 vel
950 1300 1155 1354 interdici,
1187 1305 1258 1339 aut
1290 1302 1635 1340 excommunicari
1669 1314 1750 1341 non
1783 1303 1956 1356 possint,
1987 1302 2076 1342 sine
2148 1308 2150 1359 ξ

237 1369 373 1420 aliqua
412 1369 542 1419 ipsius
593 1368 708 1408 sedis
748 1369 1032 1423 indulgencia,
1074 1380 1150 1419 per
1183 1380 1301 1420 quam
1346 1368 1517 1408 effectus
1557 1370 1720 1410 iusticie
1761 1371 1801 1409 in
1839 1370 1920 1410 hac
1961 1374 2076 1421 parte
2148 1367 2149 1371 ’

237 1437 421 1488 impediri
452 1437 606 1491 valeat,
634 1437 704 1476 vel
737 1436 904 1491 differri,
932 1442 973 1477 et
997 1437 1048 1476 de
1074 1449 1154 1489 qua
1180 1438 1220 1477 in
1246 1439 1400 1477 nostris
1427 1439 1556 1477 literis
1582 1439 1743 1489 plenam
1768 1443 1810 1478 et
1834 1450 2076 1490 expressam
2148 1430 2149 1477 Ῑ

239 1510 427 1556 oporteat
459 1504 546 1545 fieri
578 1507 844 1559 mencionem,
872 1517 946 1545 seu
980 1506 1281 1545 constitucione
1316 1506 1367 1544 de
1395 1506 1556 1545 duabus
1591 1507 1737 1546 diebus
1761 1507 1871 1547 edita
1904 1509 1943 1547 in
1976 1519 2076 1547 con-

238 1575 330 1613 cilio
363 1575 572 1628 generali,
607 1576 661 1614 ita
696 1575 803 1626 quod
835 1575 941 1614 ultra
973 1575 1142 1614 terciam
1178 1574 1244 1613 vel
1277 1579 1461 1626 quartam
1502 1575 1650 1626 aliquis
1685 1580 1808 1615 extra
1841 1588 1955 1615 suam
1988 1576 2077 1616 dio-

239 1644 365 1681 cesim
405 1645 650 1682 auctoritate
693 1644 955 1694 presencium
1002 1643 1052 1682 ad
1094 1643 1283 1682 iudicium
1324 1655 1403 1682 non
1444 1643 1645 1683 trahatur.
1709 1645 1860 1684 Datum
1902 1644 2077 1684 viterbii

241 1711 315 1750 Vl.
346 1711 565 1752 Kalendas
598 1712 715 1752 Maii.
747 1710 1015 1752 Pontificatus
1048 1713 1178 1751 nostri
1211 1723 1319 1751 anno
1354 1712 1492 1763 primo.

546 1810 708 1842 Ibidem.

1034 1956 1295 2000 cccxxn.

241 2068 477 2119 Elisabeth,
523 2070 669 2109 relicta
712 2069 904 2110 Kadotdz·
944 2069 1156 2122 orphani,
1189 2073 1363 2109 renovat
1399 2071 1659 2110 collationem.
1686 2071 1799 2123 juris
1837 2072 2079 2123 patronatus
2146 2070 2148 2108 ξ

244 2138 444 2177 ecclesiae
475 2139 519 2177 in
545 2138 758 2190 Mohetno,
791 2142 830 2178 et
851 2140 1039 2189 resz‘ynot
1069 2139 1314 2178 curticulam
1348 2141 1387 2177 et
1409 2141 1587 2190 quinque
1611 2140 1754 2178 laneos
1786 2140 1830 2178 in
1859 2139 2080 2191 Popowice

323 2208 573 2245 monasterio
607 2207 909 2247 Oslowanensi.
972 2209 1043 2247 Dc.
1076 2209 1121 2246 in
1154 2207 1356 2247 Ozlowan
1390 2207 1460 2246 XI
1468 2208 1511 2248 Γ.
1544 2208 1647 2247 Kal.
1681 2208 1817 2259 Janti,
1857 2207 2008 2247 1261.

414 2297 474 2356 In
505 2312 666 2356 nomine
699 2319 828 2368 patris
861 2322 903 2357 et
935 2316 1001 2357 filii
1035 2323 1077 2357 et
1108 2319 1277 2369 spiritus
1318 2319 1451 2357 sancti
1485 2329 1616 2357 amen.
1679 2316 1782 2359 Cum
1814 2317 2080 2372 sacrilegium
2146 2346 2147 2350 ,

249 2381 289 2419 in
327 2382 595 2423 distractione
644 2396 780 2424 rerum
820 2386 1203 2425 ecclesiasticarum
1249 2387 1531 2426 committatur.
1572 2390 1613 2426 et
1652 2391 1888 2426 sanctorum
1925 2390 2079 2438 patrum
2146 2399 2147 2402 ¹

249 2448 483 2489 decreuerit
514 2454 751 2493 auctoritas.
784 2458 828 2493 vt
853 2456 1025 2493 omnium
1057 2455 1330 2494 ecclesiarum
1363 2455 1491 2494 modis
1519 2455 1704 2494 omnibus
1739 2456 1893 2495 vitetur
1924 2454 2080 2493 indem-
2144 2474 2147 2494 ÷

250 2515 357 2554 nitas
390 2518 512 2568 (sic).
545 2520 666 2561 decet
699 2526 741 2562 et
771 2523 943 2573 expedit
974 2523 1084 2575 quod
1116 2534 1167 2564 ea
1199 2534 1280 2576 que
1304 2523 1372 2574 pia
1405 2522 1605 2563 hominum
1638 2523 1857 2563 deuotione
1890 2521 2080 2563 ecclesiis
2144 2543 2146 2574 3
