2155 2928
1104 165 1202 203 116

229 317 408 350 vestrum
450 309 632 349 ordinem
678 307 950 361 insigniorem
990 304 1180 356 reddidit,
1223 306 1375 354 quanto
1422 303 1617 353 potencie
1659 304 1797 343 diuine
1838 305 2070 346 miraculum

224 379 467 418 laudabilius
502 379 540 416 in
573 388 680 415 sexu
713 375 853 428 fragili
886 372 1187 423 comprobatur.
1250 371 1429 420 Propter
1468 371 1574 421 quod
1609 371 1762 424 Reges
1794 375 1995 411 terrarum
2029 375 2070 412 et

226 447 527 497 prouinciarum
563 445 770 494 principes
803 454 884 480 non
916 440 1101 479 inmerito
1135 449 1209 489 pre
1243 438 1484 477 deuocionis
1523 437 1670 477 affectu
1704 441 1937 492 conpuncti,
1970 451 2069 491 spe-

227 515 371 553 cialem
405 515 445 552 in
471 513 592 551 vobis
625 511 674 549 ad
701 511 766 549 dei
799 507 1119 548 misericordiam
1146 506 1352 544 habentes
1386 511 1633 558 respectum,
1661 507 1780 545 vobis
1814 511 1855 545 et
1879 507 2069 548 claustris

228 583 381 621 vestris
413 584 540 634 grata
568 577 821 618 defensionis
854 575 1037 614 remedia
1070 577 1111 612 et
1139 574 1205 623 pia
1238 573 1392 612 debent
1418 573 1608 613 karitatis
1641 574 1827 613 subsidia
1862 575 2069 630 impertiri,

227 655 269 689 ut
311 661 398 688 cuin
439 649 535 687 tuba
577 648 688 696 ipsos
734 644 931 697 angelica
972 642 1022 680 ad
1064 652 1239 680 examen
1280 643 1460 692 supremi
1502 642 1650 681 iudicis
1695 644 1949 696 euocauerit,
1982 655 2070 684 cum

227 717 489 767 multiplicato
522 713 656 753 fructu
689 712 891 762 recipiant
923 711 962 749 in
996 710 1062 748 die
1094 710 1313 748 messionis
1346 713 1547 763 extreme,
1582 709 1690 761 quod
1723 711 1763 749 in
1797 712 1887 761 pias
1921 722 2068 752 causas

228 796 304 835 spe
336 783 472 822 future
507 780 794 819 retribucionis
834 779 1149 816 elemosinarum
1183 778 1457 831 erogacione,
1492 776 1611 816 filium
1643 779 1684 816 in
1717 778 1796 817 hoc
1830 779 2068 819 intemerate

226 853 407 905 virginis
440 849 679 900 specialiter
711 850 968 885 venerantes
1002 847 1042 884 in
1074 847 1214 899 terris,
1249 846 1339 884 dum
1373 848 1579 899 viuerent,
1613 850 1709 885 sunt
1739 846 1902 900 largiti.
1957 847 2070 887 Inter

226 918 453 958 huiusmodi
485 927 588 954 sane
630 918 861 953 nostrarum
896 913 1281 953 consideracionum
1314 926 1453 968 curas,
1487 915 1635 965 quibus
1669 925 1835 965 semper
1867 915 2064 955 altissimo

227 986 406 1025 creatori
441 988 581 1022 nostro
615 983 786 1032 placere
819 983 1097 1035 proponimus,
1132 986 1251 1033 prout
1285 983 1413 1033 ipsius
1446 983 1729 1022 misericordia
1758 994 1834 1022 nos
1868 984 2070 1039 permittit,

225 1054 367 1092 alciori
407 1055 540 1091 mente
581 1051 844 1104 reuoluimus,
888 1051 1066 1102 qualiter
1108 1052 1399 1089 monasterium
1439 1054 1623 1089 vestrum
1665 1063 1690 1089 a
1731 1051 1846 1090 clare
1879 1053 2068 1092 memorie

229 1121 479 1161 Conslmzce'a
513 1123 641 1157 matre
675 1122 832 1171 nostra,
867 1119 1069 1170 quondam
1104 1119 1277 1172 Regina
1311 1119 1494 1171 Boemie,
1528 1117 1738 1157 fundatum
1771 1120 1836 1169 pio
1863 1121 2070 1170 proposito

227 1193 268 1229 et
301 1189 499 1240 dotatumg
534 1188 584 1226 ad
612 1188 740 1238 ipsius
774 1189 948 1227 salutem
981 1189 1113 1227 anime
1147 1193 1187 1228 et
1220 1192 1362 1228 nostre
1395 1189 1700 1227 consolacionis
1728 1188 1949 1227 remedium
1982 1189 2070 1228 ele-

223 1258 467 1297 mosinarum
509 1257 744 1309 largicione
785 1257 1030 1310 attollamus,
1070 1261 1113 1295 ut
1152 1258 1212 1295 sic
1257 1269 1328 1308 pro
1370 1257 1488 1295 nobis
1522 1257 1560 1295 in
1602 1257 1736 1295 eterni
1768 1257 1910 1310 Regis
1943 1256 2069 1297 oculis

223 1325 387 1376 pietatis
420 1324 732 1364 intercedencia
766 1335 895 1375 opera
922 1325 1156 1379 subpleant,
1192 1336 1270 1375 que
1294 1328 1554 1363 terrenorum
1587 1325 1861 1378 negociorum
1889 1335 2070 1375 occupa·
2132 1348 2134 1381 3

225 1394 367 1432 ciones
401 1393 440 1431 in
473 1394 557 1431 uita
593 1394 778 1443 presenti
811 1393 1110 1446 neglexerunt.
1168 1393 1299 1432 Vobis
1333 1393 1463 1446 igitur
1495 1396 1537 1432 et
1569 1394 1820 1431 monasterio
1845 1396 1986 1432 uestro
2019 1392 2069 1432 ob

225 1462 498 1500 reuerentiam
534 1460 671 1499 diuine
707 1462 872 1510 pietatis
907 1461 1062 1515 damus,
1096 1461 1293 1500 donamus
1334 1465 1375 1500 et
1407 1461 1603 1500 tradimus
1637 1461 1677 1499 in
1710 1464 1951 1512 perpetuam
1982 1460 2070 1500 ele·
2130 1454 2132 1462 ’

224 1530 418 1569 mosinam
459 1529 579 1569 villas
623 1532 790 1568 nostras
830 1530 935 1570 sitas
979 1530 1019 1568 ἱη
1062 1541 1192 1581 refluo
1230 1531 1455 1580 Hunyare'e
1495 1531 1537 1569 in
1577 1529 1868 1583 strigoniensi
1901 1529 2070 1580 dyocesi
2130 1536 2131 1545 ¹

226 1608 353 1647 prope
386 1597 581 1649 'I'yrnam,
609 1608 689 1648 que
722 1598 958 1651 uulgariter
983 1597 1111 1648 Salpe
1144 1601 1184 1636 et
1211 1597 1421 1648 Balyarad
1446 1601 1748 1651 nuncupantur,
1774 1608 1863 1636 cum
1889 1597 2070 1636 omnibus
2127 1596 2129 1642 j

224 1666 310 1703 suis
345 1665 609 1715 pertinenciis
639 1663 903 1704 inferioribus
937 1669 978 1704 et
1003 1666 1303 1719 superioribuS,
1338 1666 1542 1719 ingressu
1575 1670 1616 1705 et
1641 1677 1864 1719 regressu,
1891 1667 2070 1719 pascuis,
2126 1677 2127 1715 ς

223 1733 352 1785 siluis,
394 1734 534 1785 pratis,
576 1734 824 1787 nemoribus,
865 1734 987 1787 agris
1027 1734 1148 1772 cultis
1188 1736 1229 1772 et
1270 1734 1432 1773 incultis
1474 1735 1565 1773 iure
1605 1734 1773 1784 proprii.
1839 1734 1898 1773 Vt
1938 1737 2069 1773 autem
2125 1728 2127 1755 ³

225 1800 302 1839 hec
336 1806 463 1854 grata
496 1805 637 1839 nostre
663 1802 904 1840 serenitatis
939 1802 1112 1840 donacio
1137 1806 1378 1851 perpetuum
1411 1802 1618 1840 sorciatur
1650 1800 1850 1852 ellectum,
1876 1811 1965 1842 eam
1999 1811 2070 1851 per
2124 1812 2126 1826 ³

223 1869 364 1907 sedem
396 1869 662 1919 apostolicam
695 1870 880 1908 volumus
915 1872 955 1908 et
988 1870 1160 1920 petimus
1183 1868 1427 1911 confirmari.
1476 1870 1523 1909 In
1556 1870 1675 1908 cuius
1708 1870 1769 1908 rei
1802 1869 2069 1910 testimonium
2122 1876 2124 1913 1

226 1940 446 1986 presentes
494 1937 758 1976 concedimus
807 1938 969 1976 litteras
1017 1938 1248 1990 sigillorum
1296 1941 1530 1978 nostrorum
1577 1938 1793 1976 munimine
1842 1937 2069 1977 roboratas.

224 2004 371 2042 Actum
405 2005 445 2043 in
480 2006 647 2043 Brunna
681 2017 789 2044 anno
824 2005 970 2044 domini
1004 2004 1293 2045 Mccxfflx.
1333 2005 1400 2044 die
1432 2005 1551 2044 XIII.
1586 2006 1767 2044 intrante
1803 2004 2068 2057 Decembris3
2120 2019 2122 2029 ν

226 2072 490 2121 presentibus
524 2073 601 2111 hiis
635 2074 831 2113 testibus:
873 2074 1119 2112 Venerabili
1154 2077 1271 2123 patre
1306 2073 1465 2112 domino
1510 2074 1705 2111 Brunone
1739 2074 1936 2124 episcopo
1971 2072 2068 2112 010-
2118 2092 2120 2097 v

226 2141 420 2177 mucensi.
456 2141 628 2179 Alberto
655 2142 892 2179 Brunnensi
919 2142 1142 2191 preposito.
1169 2142 1360 2180 Borsone
1383 2142 1602 2180 marsalco.
1627 2141 1848 2180 Gerosone
1874 2138 2067 2190 dapifero.
2116 2140 2119 2171 ἒ

227 2207 392 2259 Hogiro
427 2208 478 2246 de
511 2208 761 2247 xvi-albero.
794 2210 995 2248 lleinrico
1030 2209 1081 2247 de
1114 2209 1432 2259 Lyclitenstein.
1472 2207 1628 2249 Sisi-ido
1662 2209 1847 2259 orphano
1881 2213 1922 2247 et
1954 2207 2067 2249 Cha-

226 2273 358 2312 (loldo.
394 2275 597 2314 Genzone
631 2281 672 2315 et
703 2277 908 2316 Zlawata„
942 2278 1127 2316 Ratmiro
1162 2282 1202 2316 et
1235 2277 1405 2316 Paulico
1439 2278 1566 2330 regni
1591 2277 1760 2316 Boemie
1793 2277 1995 2316 nobilibus
2027 2277 2066 2314 et
2114 2318 2115 2325 ἵ

228 2341 330 2379 aliis.
397 2343 543 2382 Datum
578 2355 651 2393 per
685 2357 827 2383 manus
860 2346 1050 2398 magistri
1086 2346 1278 2395 Dyonisii
1310 2344 1698 2398 usissegr·a11e11sis
1732 2345 1944 2398 prepositi,
1977 2342 2066 2382 aule
2113 2343 2115 2356 ¹

228 2413 367 2446 nostre
402 2411 640 2450 cancellarii
676 2412 742 2450 die
777 2416 817 2452 et
849 2413 940 2451 loco
976 2411 1160 2463 prefatis.

533 2516 586 2546 Ex
611 2519 805 2557 originali
831 2528 900 2549 cum
925 2519 1031 2559 sigillo
1058 2519 1169 2549 illaeso
1194 2520 1223 2549 in
1248 2520 1382 2550 archivo
1407 2518 1586 2560 ejusdem
1611 2520 1813 2551 monasterii.
