2155 2928
955 168 1052 210 175

84 310 343 351 absolutione
362 313 547 363 recepta,
564 309 724 363 indigni
741 309 921 363 singulis
941 309 1059 348 almis
1079 311 1315 360 presumunt
1339 309 1547 348 accedere
1571 310 1622 348 ad
1642 311 1918 361 recipiendum

82 379 268 418 dominici
294 379 480 428 corporis
506 381 819 430 sacramentum,
853 378 893 416 in
925 389 1089 415 suarum
1112 377 1367 427 dispendium
1401 378 1637 427 animarum,
1671 378 1917 417 deberemus

79 456 297 496 sumopere
318 456 563 495 precauere.
596 446 774 495 Propter
792 444 896 496 quod
917 445 1167 483 decretalem
1185 445 1290 483 illam
1310 445 1526 483 uidelicet:
1547 445 1686 485 Omnis
1703 448 1917 496 utriusque

80 525 211 553 sexus
245 517 323 552 etc.
356 514 394 551 in
428 524 507 563 qua
541 515 785 566 continetur,
817 517 860 552 ut
891 513 1046 566 singuli
1080 513 1339 563 parrochiani
1373 513 1499 551 semel
1543 515 1582 551 in
1616 526 1723 552 anno
1758 514 1917 567 saltem,

80 582 168 620 suis
200 580 488 620 sacerdotibus
522 579 812 633 confiteantur,
852 580 1130 619 mandauimus
1163 580 1384 633 publicari,
1423 581 1636 630 volentes,
1676 584 1719 620 ut
1760 582 1918 634 singuli

79 652 261 688 uestrum
291 660 390 687 suos
424 648 723 698 parrochianos
756 648 911 686 hortari
944 647 1136 701 debeant,
1171 648 1276 698 quod
1302 648 1525 687 secundum
1554 648 1662 688 dicte
1691 649 1916 688 decretalis

78 718 264 755 tenorem
296 715 349 754 ad
380 716 510 754 minus
542 715 670 753 semel
702 716 742 753 in
775 727 882 753 anno
916 715 1079 754 adirent
1112 717 1300 765 proprios
1332 716 1593 769 sacerdotes,
1633 721 1673 756 et
1704 715 1815 756 facta
1855 718 1917 756 eis

78 781 358 835 confessione,
390 794 554 821 suorum
588 786 851 832 peccatorum
879 783 1176 822 absolutionem
1209 784 1446 833 reciperent
1477 784 1529 822 ab
1564 784 1731 823 eisdem.
1784 785 1918 824 Addi-

79 850 208 889 dimus
233 851 365 902 etiam,
397 854 440 888 ut
471 851 507 888 si
541 850 607 900 qui
633 853 815 888 uestrum
844 850 1138 889 ordinationem
1163 854 1345 889 nostram
1379 855 1637 905 peruertere,
1670 853 1736 891 uel
1763 853 1917 891 decre-

79 917 200 957 talem
231 917 358 967 ipsam
392 917 534 969 aliter,
567 928 684 967 quam
718 921 860 967 sonat,
894 928 1130 971 exponere,
1170 918 1236 956 nel
1270 918 1422 968 aliquid
1453 929 1582 968 super
1619 919 1776 959 addere
1817 931 1917 970 pre-

79 988 306 1037 sumerent,
340 985 772 1024 excommunicationis
805 986 1049 1024 sententiam
1083 986 1363 1038 incurrerent,
1404 997 1523 1036 quam
1563 987 1603 1024 in
1636 998 1709 1025 eos
1742 988 1916 1041 tulimus,

78 1053 167 1103 ipso
199 1050 322 1090 facto.
384 1051 471 1092 Sed
506 1052 667 1102 quidam
699 1063 754 1091 ex
794 1053 927 1105 vobis,
961 1056 1080 1103 prout
1112 1054 1387 1092 intelleximus
1420 1057 1461 1092 et
1493 1054 1690 1107 dolemus,
1731 1057 1919 1106 precepti

79 1123 121 1159 et
164 1120 369 1158 sententie
416 1123 558 1158 nostre
607 1121 860 1158 immemores
908 1124 950 1159 et
987 1118 1159 1159 forsitan
1208 1125 1533 1174 contemptores,
1576 1124 1705 1160 minus
1746 1123 1917 1173 prouide

81 1186 357 1239 attendentes,
391 1187 497 1237 quod
532 1191 674 1225 nostre
707 1188 943 1226 intentionis
978 1200 1057 1226 non
1092 1192 1195 1241 erat,
1237 1200 1310 1238 per
1350 1189 1577 1227 huiusmodi
1617 1190 1914 1229 ordinationem

79 1258 273 1307 nostram,
297 1255 457 1293 dilectis
482 1255 522 1293 in
547 1253 713 1294 Christo
739 1256 953 1308 religiosis
979 1257 1080 1294 viris
1106 1254 1302 1294 fratribus
1321 1257 1651 1306 predicatoribus
1679 1260 1719 1295 et
1750 1258 1917 1296 minori-

80 1322 173 1371 bus,
195 1323 236 1360 in
263 1322 398 1373 aliquo
420 1322 646 1375 derogare,
675 1324 769 1373 quin
800 1324 1024 1363 secundum
1052 1325 1230 1377 gratiam
1267 1325 1328 1362 eis
1360 1336 1382 1362 a
1407 1325 1484 1362 deo
1512 1325 1645 1363 datam
1671 1327 1917 1364 auctoritate

78 1389 191 1428 sedis
223 1390 464 1442 apostolice,
498 1401 578 1441 qua
611 1389 842 1443 funguntur
875 1403 924 1429 ac
959 1395 1116 1444 nostra,
1150 1392 1320 1430 verbum
1355 1392 1419 1430 dei
1455 1403 1688 1441 proponere
1733 1396 1774 1431 et
1813 1404 1916 1431 con-

77 1455 285 1496 fessiones
317 1458 448 1496 libere
481 1458 624 1497 audire
657 1460 818 1508 possint
852 1464 892 1497 et
925 1459 1126 1511 debeant,
1167 1463 1208 1498 et
1247 1460 1471 1512 iniungere
1512 1461 1759 1509 penitentias
1801 1460 1917 1498 salu-

79 1527 207 1577 tares,
238 1529 429 1576 tanquam
456 1526 552 1564 boni
584 1530 625 1564 et
652 1524 794 1564 fideles
823 1530 1121 1576 cooperatores
1148 1528 1291 1579 uestri,
1325 1531 1365 1565 et
1390 1527 1705 1576 subportatores
1734 1528 1916 1581 honeris,

81 1592 188 1644 quod
220 1603 275 1631 ex
307 1604 406 1631 cura
440 1594 661 1631 animarum
686 1594 805 1631 uobis
839 1597 879 1632 et
913 1595 1031 1633 nobis
1064 1595 1274 1647 incumbit3
1308 1606 1410 1644 quos
1444 1596 1482 1632 in
1516 1598 1695 1633 uestrum
1725 1596 1916 1634 auxilium

81 1658 183 1698 deus
208 1660 326 1713 misit,
359 1663 401 1699 et
426 1660 552 1698 sedes
580 1661 807 1710 apostolica
835 1660 1059 1711 deputauit.
1107 1662 1330 1715 Dixerunt,
1358 1662 1466 1700 sicut
1488 1662 1728 1715 audiuimus,
1753 1662 1916 1712 publice

81 1730 122 1766 et
150 1729 311 1777 priuate
344 1728 523 1777 ipsorum
555 1726 724 1766 fratrum
755 1726 1022 1766 familiaribus
1055 1729 1314 1781 insultantes,
1348 1729 1454 1779 quod
1488 1741 1652 1767 causam
1693 1730 1916 1779 penitentie

79 1795 193 1845 ipsos
225 1793 375 1834 fratres
407 1795 523 1834 adire
557 1796 727 1834 ulterius
761 1808 841 1833 non
875 1796 1091 1848 deberent,
1126 1800 1167 1834 et
1200 1796 1305 1846 quod
1340 1797 1417 1846 ipsi
1451 1795 1604 1834 fratres
1637 1809 1716 1835 non
1745 1801 1918 1847 possent

80 1861 302 1915 iniungere
335 1863 610 1915 penitentiam,
645 1875 733 1901 cum
766 1875 847 1901 non
880 1864 962 1901 sint
995 1874 1132 1901 eorum
1166 1865 1319 1913 proprii
1353 1864 1610 1915 sacerdotes,
1652 1865 1758 1915 quod
1798 1865 1917 1903 nobis

80 1940 218 1982 graue
243 1934 334 1968 erat
359 1934 399 1968 et
422 1931 646 1982 molestum,
676 1941 725 1968 eo
757 1930 864 1980 quod
897 1930 1003 1968 tales
1028 1959 1038 1968 .
1063 1960 1072 1969 .
1098 1959 1107 1968 .
1134 1932 1331 1970 inducant
1362 1932 1600 1970 scandalum
1633 1936 1674 1971 et
1705 1933 1916 1972 multorum

81 1996 208 2035 corda
247 2025 256 2035 .
298 2026 308 2035 .
350 2025 360 2035 .
422 1998 580 2053 Verum
621 2008 710 2036 cum
749 1998 922 2048 predicti
961 1996 1113 2037 fratres
1155 2003 1197 2037 et
1235 2010 1373 2038 eorum
1416 2000 1597 2053 ordines,
1632 2000 1698 2050 qui
1740 2001 1916 2039 scientie

81 2063 202 2116 dono,
240 2066 572 2103 conuersationis
604 2066 746 2104 merito
786 2069 827 2104 et
866 2066 1027 2105 uirtutis
1067 2095 1076 2104 .
1117 2095 1127 2104 .
1169 2095 1179 2104 .
1219 2066 1488 2106 dinoscuntur
1527 2068 1567 2106 in
1610 2068 1793 2107 ecelesia
1834 2069 1916 2107 Dei

80 2132 277 2182 precipue
310 2133 512 2184 insigniti,
544 2133 631 2171 suis
663 2133 816 2171 meritis
849 2134 1112 2182 promouendi
1145 2138 1240 2173 sunt
1280 2138 1321 2174 et
1361 2135 1586 2174 extollendi
1627 2137 1730 2175 omni
1771 2137 1915 2189 gratia

82 2202 125 2238 et
163 2197 330 2252 fauore3
370 2200 586 2249 presertim
619 2211 709 2238 cum
746 2200 825 2251 ipsi
864 2202 903 2239 in
944 2202 1292 2252 predicationibus
1333 2206 1374 2241 et
1414 2201 1769 2257 confessionibus,
1812 2215 1915 2255 quos

82 2265 305 2318 audierint,
352 2270 582 2315 proponant
620 2265 784 2306 firmiter
831 2269 989 2318 populis
1036 2270 1237 2322 suadere,
1279 2274 1322 2310 ut
1363 2271 1518 2324 singuli
1558 2271 1685 2310 semel
1725 2273 1766 2310 in
1805 2284 1914 2312 anno

83 2333 240 2385 saltem,
273 2334 361 2371 suis
393 2334 681 2373 sacerdotibus
716 2336 1043 2385 parrochialibus
1070 2336 1341 2376 confiteantur
1373 2342 1414 2377 et
1447 2339 1498 2377 ab
1532 2339 1686 2378 eisdem
1712 2340 1915 2391 recipiant

84 2399 373 2439 ecclesiastica
406 2406 691 2455 sacramenta3
730 2414 893 2442 necnon
924 2404 1122 2443 inducere
1156 2416 1230 2444 eos
1271 2406 1412 2459 velint,
1452 2407 1503 2446 ad
1537 2407 1795 2446 deuotionem
1834 2419 1913 2447 ue-

85 2471 211 2506 stram
253 2471 294 2506 et
335 2469 604 2508 ecclesiarum
643 2474 888 2525 vestrarum,
921 2476 962 2510 et
1002 2476 1045 2511 ut
1076 2473 1194 2512 uobis
1235 2477 1276 2512 et
1308 2474 1464 2513 eisdem
1507 2475 1700 2513 ecclesiis
1734 2475 1913 2514 debitam

84 2534 310 2575 exhibeant
340 2538 616 2577 reuerentiam
648 2541 689 2578 et
720 2538 934 2595 honorem3
968 2540 1137 2595 dignum
1168 2539 1258 2582 fore
1291 2552 1509 2582 censemus
1534 2546 1575 2583 et
1606 2543 1726 2585 uobis
1759 2543 1911 2584 decre-
