2155 2928
1128 142 1232 181 352

1071 279 1282 322 CCCLV.

262 365 377 404 Idem
409 365 518 404 litem
555 365 660 402 inter
690 360 984 401 monasterinm
1017 359 1212 397 Zarense
1251 359 1289 394 et
1318 358 1519 394 rectorem
1551 355 1755 394 ecclesiae
1786 356 2092 409 Laudanensis,

262 434 496 483 (Lampe-e)
521 431 570 470 de
597 432 693 482 jure
722 427 958 480 parochiali
989 427 1032 463 in
1060 423 1398 475 Berthold-sdorf
1423 426 1554 461 ortam
1580 424 1787 473 componit
1809 434 1885 473 per
1916 423 2093 464 abbatem

263 499 575 548 Gradscensem,
596 497 785 549 Jnde'cem
817 496 859 533 in
891 492 1033 532 eadem
1065 504 1195 530 causa
1222 491 1466 542 dele-qulam.
1512 492 1584 530 Dc.
1610 490 1830 541 olomucii,
1872 490 1966 530 VII.
1991 491 2092 531 Idus

1017 560 1142 610 que',
1182 558 1333 598 1263.

399 632 624 698 B.(r11no]
658 646 739 684 Dei
770 644 920 698 gracia
961 643 1247 682 Olomucensis
1286 644 1535 693 Episcopus.
1575 654 1657 681 una
1697 653 1786 681 cum
1825 642 2093 684 universitate

262 717 426 767 capituli
474 715 654 754 eiusdem
701 713 896 751 ecclesie.
938 712 1148 750 vniuersis
1198 711 1276 750 bec
1321 711 1571 761 inspecturis
1613 710 1786 749 salutem
1838 711 1878 749 in
1919 707 2093 764 {omnium

262 784 483 822 saluatore.
531 782 697 820 'Peuore
731 780 991 830 presencium
1024 782 1311 828 protestamur.
1354 790 1430 816 nos
1462 778 1656 816 tractatui
1696 778 2023 830 composicionis,
2054 781 2094 819 et

263 850 481 890 concordie
523 849 618 886 inite
659 849 764 885 iuter
795 847 1064 899 Magistrum.
1105 847 1163 885 10.
1192 847 1415 884 Rectorem
1448 845 1631 884 ecclesie
1665 846 1704 884 in
1741 845 1920 884 Lvozan
1952 849 2089 885 nostre

261 918 440 956 diocesis
474 920 513 954 et
539 916 729 953 abbatem
762 918 803 953 et
835 918 1079 952 conuentum
1112 914 1164 952 de
1189 913 1315 952 Zalu·
1347 913 1502 952 ordinis
1528 911 1828 953 cisterciensis
1856 913 2092 966 Pragensis

263 985 442 1023 diocesis
465 994 591 1032 super
616 982 711 1020 uilla
739 986 779 1020 et
803 982 963 1032 capella
988 982 1027 1020 in
1050 981 1331 1033 Bertolsdorf
1351 981 1402 1019 ad
1429 981 1672 1020 instanciam
1699 980 1883 1020 eiusdem
1906 981 2094 1034 magistri
2152 987 2155 1008 ³

259 1053 317 1091 Io.
351 1052 635 1089 auctoritatem
677 1053 718 1088 et
750 1061 997 1088 consensum
1031 1053 1212 1088 nostrum
1255 1049 1471 1099 prehabito
1518 1059 1645 1099 super
1683 1048 1762 1087 hoc
1795 1048 1986 1087 discusse
2018 1048 2092 1088 de-

260 1119 526 1157 liberacionis
553 1117 724 1156 consilio
758 1128 845 1155 cum
877 1116 1025 1156 effectu
1058 1128 1133 1167 per
1161 1117 1293 1155 omnia
1327 1116 1586 1170 comodasse,
1612 1120 1656 1155 ut
1688 1116 1860 1155 eandem
1893 1116 2095 1166 composi-

259 1187 415 1225 cionem
448 1190 488 1224 et
520 1185 782 1223 concordiam
815 1186 984 1237 quilibet
1016 1196 1306 1224 successorum
1332 1186 1371 1223 in
1398 1185 1581 1223 ecclesia
1604 1185 1644 1222 in
1670 1184 1841 1223 Luozan
1869 1184 2094 1224 obseruare

258 1253 548 1292 inuiolabiliter
586 1258 791 1291 teneatur.
862 1254 925 1292 Ita
967 1253 1164 1291 videlicet
1209 1256 1253 1291 ut
1299 1252 1510 1302 predictus
1562 1256 1702 1291 rector
1747 1253 1788 1291 iu
1833 1252 2010 1291 Luozan
2055 1255 2095 1292 et

260 1321 429 1372 quilibet
460 1331 753 1359 successorum
785 1332 949 1359 suorum
983 1321 1023 1359 in
1049 1324 1254 1371 posterum
1282 1321 1345 1358 ius
1373 1320 1635 1371 parrochiale
1665 1321 1704 1359 in
1725 1317 1992 1359 Bertolsdorf
2016 1331 2094 1359 una

260 1399 347 1427 cum
395 1392 600 1438 potestate
648 1388 917 1427 ordinacione
965 1392 1006 1427 et
1053 1389 1228 1427 dominio
1278 1388 1438 1438 capelle
1487 1388 1636 1427 ibidem
1685 1388 1886 1438 deinceps
1937 1387 2093 1440 absque

2146 1387 2149 1432 ἰ

2146 1436 2148 1462 l

260 1455 533 1506 predictorum
555 1456 718 1494 abbatis
743 1460 785 1495 et
809 1460 1039 1495 conuentus
1063 1457 1324 1506 impeticione
1349 1457 1481 1495 libere
1506 1460 1548 1495 et
1569 1458 1820 1495 inconcusse
1846 1455 2095 1507 possideant.
2145 1481 2147 1500 4

258 1523 341 1573 Ipsi
374 1527 507 1561 autem
541 1524 672 1563 abbas
705 1527 746 1562 et
772 1528 1001 1562 conuentus
1025 1525 1185 1562 nomine
1213 1525 1450 1563 monasterii
1474 1525 1536 1563 sui
1562 1525 1602 1563 in
1624 1524 1741 1563 Zahr
1765 1524 1898 1563 uillam
1925 1523 2093 1563 eandem
2145 1532 2147 1558 ἲ

258 1601 345 1628 cum
377 1591 653 1629 universitate
686 1592 947 1630 decimarum.
987 1602 1063 1630 seu
1095 1592 1320 1644 laneorum7
1362 1596 1403 1631 et
1435 1592 1602 1631 aliarum
1636 1592 1907 1643 quarumlibet
1939 1592 2094 1630 obuen-

258 1658 415 1696 cionum
461 1659 553 1697 sine
598 1659 781 1710 qualibet
820 1660 1078 1710 impeticione
1121 1664 1325 1698 rectorum
1374 1660 1414 1698 in
1457 1660 1629 1698 Luozan
1680 1661 1746 1710 qui
1793 1671 1867 1710 pro
1915 1664 2093 1709 tempore
2142 1671 2144 1695 :

256 1723 407 1764 suerint
441 1727 647 1765 retineant
679 1727 719 1765 in
745 1728 898 1779 quiete7
932 1732 1051 1777 prout
1082 1727 1161 1765 hec
1187 1732 1228 1766 et
1251 1727 1330 1766 alia
1356 1728 1395 1766 in
1421 1729 1688 1766 instrumento
1714 1727 1868 1766 exinde
1892 1725 2092 1766 confecto.

257 1793 333 1831 sub
357 1794 497 1846 sigillo
516 1793 789 1833 Gradicensis
813 1795 976 1833 abbatis
1000 1794 1145 1833 iudicis
1169 1794 1357 1848 delegati
1381 1799 1422 1834 et
1447 1806 1709 1834 assessorum
1734 1796 1877 1846 ipsius.
1896 1794 2092 1848 Magistri

258 1860 471 1910 Stephani.
523 1861 716 1911 Symonis
748 1852 798 1901 'et
836 1862 990 1901 Alexii.
1030 1873 1109 1900 nec
1149 1874 1229 1900 non
1272 1863 1401 1912 ipsius
1440 1863 1643 1916 Magistri
1690 1863 1749 1902 Io.
1792 1861 2091 1903 Canonicorum

257 1927 581 1967 Oloumceusium
615 1930 847 1969 euidentius
881 1931 1154 1968 continentur.
1197 1930 1386 1969 uolentes
1420 1941 1496 1981 per
1528 1931 1607 1970 lioc
1639 1934 1683 1970 ut
1714 1931 1889 1969 diximus
1922 1929 2091 1970 eandem

259 1997 598 2044 composicionem
648 1998 912 2036 concorditer
953 1998 1089 2036 initam
1129 1999 1236 2036 inter
1278 2003 1419 2048 partes
1460 1999 1521 2037 sic
1563 2002 1802 2049 perpetuam
1851 2001 1893 2038 et
1939 1997 2088 2038 realem

256 2060 399 2101 facere
431 2068 473 2102 ut
504 2064 556 2102 ad
590 2065 774 2104 eiusdem
807 2066 990 2104 ecclesie
1023 2077 1311 2104 successores.
1344 2066 1550 2117 quoslibet
1582 2067 1847 2106 extendatur.
1886 2066 1952 2106 Ad
1978 2066 2090 2105 cuius
2136 2085 2138 2101 ε

257 2132 385 2168 nostri
418 2142 649 2171 consensus
688 2136 729 2171 et
762 2134 1020 2172 auctoritatis
1054 2134 1309 2173 euidenciam
1351 2138 1585 2184 presentem
1626 2134 1734 2173 hanc
1773 2137 1929 2173 cartam
1968 2132 2090 2187 sigil-
2134 2153 2136 2162 ·

256 2197 381 2235 lorum
415 2205 641 2238 nostrorum
664 2202 880 2239 munimine
905 2201 1057 2251 placuit
1083 2202 1330 2240 communiri.
1371 2202 1505 2240 Huius
1527 2203 1588 2241 rei
1609 2205 1742 2241 testes
1766 2205 1873 2241 sunt.
1910 2201 2089 2241 Bartho-

258 2264 411 2303 lomeus
460 2267 659 2306 Decanus
699 2268 1000 2308 olomucensis.
1062 2267 1295 2319 Haydolfus
1341 2270 1676 2309 Archidiacouus
1725 2270 2004 2320 Znoymensis
2049 2271 2090 2308 et
2132 2282 2135 2305 ς

2131 2310 2134 2330 l

260 2330 477 2371 Cunradus
501 2332 702 2374 Canonici
721 2335 1032 2376 Olomucenses.
1079 2337 1231 2376 Datum
1252 2336 1420 2376 Olomuc
1445 2349 1553 2377 anno
1578 2338 1726 2378 domini
1749 2338 1809 2377 M.
1829 2336 1917 2378 CC.
1933 2336 2087 2377 LXIII.
2131 2347 2133 2349 ’

262 2397 357 2436 vll.
389 2399 486 2438 Idus
518 2401 635 2439 Maii.

560 2473 613 2504 Ex
636 2475 830 2514 originali
855 2473 1038 2515 ejusdem
1062 2477 1246 2507 monasterii
1270 2486 1340 2508 cum
1358 2476 1482 2508 duobus
1499 2477 1615 2519 sigillis
1636 2478 1771 2511 illaesis.
1793 2496 1831 2503 --
1856 2478 1981 2510 Excus.
2004 2475 2086 2519 apud
2130 2487 2131 2494 ¹

664 2523 959 2556 Steinbacl1—-
984 2526 1027 2557 11.
1051 2535 1127 2568 pag.
1153 2525 1212 2558 19.
