2155 2928
913 117 981 159 37

36 260 135 302 libet
164 260 272 314 aliis,
304 270 385 312 que
424 271 499 312 pro
530 258 737 312 libertate,
768 257 977 298 commodo
1016 267 1094 296 seu
1124 253 1313 308 profectu
1350 254 1545 295 habenda
1576 255 1870 309 decreuerunt,

33 329 104 369 illa
140 329 315 368 maxime
352 328 514 381 litteris,
547 337 627 378 que
668 329 763 366 sunt
792 326 966 365 baculus
1006 325 1211 376 memorie,
1250 324 1466 376 roborare,
1500 334 1553 362 ne
1592 321 1714 375 sorte,
1757 323 1868 374 quod

34 396 156 448 absit,
189 407 312 435 sacre
337 396 559 449 religionis
590 394 717 434 robur
736 393 954 433 cuiuslibet
983 393 1225 431 temeritatis
1251 392 1443 430 incursus
1475 391 1619 430 valeat
1652 388 1870 429 infirmare.

34 463 194 503 Noscat
220 465 351 517 igitur
378 466 459 502 tam
482 473 661 513 presens
693 462 891 501 hominum
916 464 1019 514 etaS,
1043 471 1163 511 quam
1190 457 1327 498 futura
1352 462 1393 497 et
1423 459 1462 496 in
1491 456 1663 498 Christo
1693 468 1871 495 succes-

33 543 134 572 sura
166 532 389 582 posteritas
420 530 498 569 hos
530 531 673 580 apices
705 530 957 581 inspectura,
991 528 1098 579 quod
1129 539 1204 566 nos
1237 527 1278 565 in
1310 526 1506 565 honorem
1541 526 1607 565 dei
1632 529 1674 564 et
1706 525 1871 579 glorio-

35 600 199 639 sissime
239 599 380 638 matris
426 599 516 637 eius
554 598 678 636 beate
718 597 858 640 Marie
896 596 1080 649 virginis
1126 606 1199 645 pro
1239 594 1421 633 remedio
1460 594 1595 632 anime
1634 597 1779 632 nostre
1819 603 1870 631 ac

32 671 264 707 nostrorum
296 670 608 705 antecessorum
645 664 699 704 ad
730 665 822 715 pias
860 674 1011 714 preces
1043 662 1202 702 domine
1239 665 1281 701 et
1311 662 1461 701 uxoris
1502 665 1646 700 nostre
1679 661 1872 714 gloriose

34 735 189 788 regine
226 735 396 773 Boemie
443 731 748 786 Cuonegundis
788 733 949 771 nomine
997 732 1037 770 in
1075 731 1207 770 nostri
1244 731 1416 769 nominis
1463 730 1695 769 memoriam
1735 730 1873 768 sorori

34 801 234 852 Hei-huffe
262 801 524 840 concedimus
548 801 678 840 locum
708 804 749 839 et
774 798 938 838 fundum
965 799 1003 837 in
1029 799 1196 837 ciuitate
1229 800 1371 836 nostra
1395 798 1575 836 Brunna
1602 797 1873 836 construendi

38 869 274 923 claustrum,
308 871 349 908 in
381 880 459 920 quo
492 868 714 907 secundum
748 867 866 906 deum
898 870 940 906 et
971 867 1081 905 beati
1113 867 1344 919 Augustini
1377 866 1568 918 regulam
1601 865 1679 904 deo
1714 876 1871 916 perpe-

35 938 116 976 tuis
147 937 398 987 temporibus
436 947 607 975 sorores
640 935 788 974 ibidem
830 933 1080 973 instituende
1113 933 1354 972 deseruiant
1391 934 1669 971 incessanter.
1732 932 1873 971 Proch

36 1004 166 1057 dolor,
198 1016 288 1044 cum
311 1008 452 1043 nostre
483 1005 566 1043 uite
592 1003 842 1053 temporibus
867 1002 907 1040 in
929 1001 1090 1040 laudem
1113 1005 1155 1040 et
1183 1000 1381 1039 honorem
1407 1000 1490 1039 Dei
1514 1000 1663 1039 nullius
1689 1000 1868 1053 cenobii,

35 1083 113 1111 seu
144 1073 230 1111 vite
261 1073 487 1110 monastice
516 1069 758 1110 fundatores
791 1070 1060 1122 extiterimus,
1084 1070 1188 1119 pium
1222 1080 1321 1108 esse
1353 1079 1587 1120 censemus,
1615 1068 1874 1107 conueniens

43 1142 86 1179 et
117 1139 321 1193 deuotum,
353 1139 460 1191 quod
491 1139 598 1178 idem
627 1139 757 1191 locus,
797 1137 916 1178 Cella
948 1139 1090 1176 sancte
1121 1137 1262 1176 Jlarz‘e
1299 1136 1483 1189 virginis
1516 1135 1664 1185 dictus,
1697 1147 1722 1173 a
1753 1135 1874 1174 nobis

37 1207 79 1246 in
112 1205 280 1247 Christo
313 1218 389 1246 sue
420 1205 669 1246 fundationis
701 1209 833 1244 sumat
857 1205 1085 1257 exordium,
1116 1207 1160 1244 ut
1191 1204 1336 1242 saltem
1368 1203 1520 1254 aliquid
1552 1206 1722 1254 propter
1754 1202 1874 1241 deum

35 1271 193 1313 fecisse
225 1278 267 1314 et
298 1275 339 1313 in
370 1275 522 1314 titulum
554 1277 696 1313 nostre
729 1273 986 1312 celsitudinis
1020 1273 1246 1311 videamur.
1298 1271 1536 1310 Pensantes
1569 1271 1709 1321 itaque
1741 1270 1874 1309 deuo-

34 1341 157 1382 tionis
191 1353 239 1380 ac
266 1343 485 1395 religionis
517 1343 732 1393 puritatem
759 1341 868 1380 dicte
900 1341 1083 1380 ecclesie
1108 1340 1184 1379 has
1216 1340 1432 1378 libertates
1457 1338 1736 1392 indulgemus,
1769 1348 1874 1389 quas

39 1409 229 1460 predicta
261 1421 382 1449 soror
413 1410 658 1462 Herburga,
691 1421 716 1448 a
749 1412 891 1448 nostra
927 1408 1054 1461 regia
1092 1405 1410 1460 magnificencia
1451 1406 1687 1459 postulauit,
1727 1406 1874 1456 expri-

35 1482 196 1516 mentes
230 1489 305 1517 eas
336 1489 412 1528 per
443 1478 638 1516 articulos
663 1477 920 1515 subnotatos.
967 1475 1155 1526 Inprimis
1182 1474 1382 1525 siquidem
1406 1474 1633 1526 statuimus,
1665 1477 1709 1512 ut
1741 1484 1872 1523 quas-

34 1555 197 1596 cunque
230 1546 536 1597 possessiones,
563 1555 808 1596 quecunque
838 1544 947 1582 bona
973 1543 1119 1582 eadem
1151 1543 1334 1581 ecclesia
1358 1543 1397 1580 in
1430 1542 1732 1592 presentiarum
1764 1541 1871 1579 iuste

36 1623 87 1651 ac
119 1613 321 1651 canonice
360 1612 559 1666 possidet,
592 1615 661 1650 aut
699 1615 739 1650 in
771 1609 944 1650 futurum
984 1622 1073 1650 cum
1104 1610 1322 1663 grangiis,
1362 1610 1502 1661 terris,
1543 1609 1688 1661 pratis,
1720 1608 1872 1660 vineis,

33 1679 284 1733 nemoribus,
309 1681 503 1733 usuagiis
528 1683 568 1719 et
601 1679 767 1729 pascuis
794 1679 835 1716 in
867 1679 995 1717 bosco
1023 1682 1064 1716 et
1098 1678 1231 1729 plano,
1265 1678 1304 1715 in
1329 1677 1447 1727 aquis
1474 1679 1514 1715 et
1541 1675 1797 1728 molendinis,
1832 1676 1872 1713 in

34 1747 129 1800 viis,
171 1752 213 1787 et
253 1748 420 1799 semitis,
460 1747 735 1786 concessione
781 1744 1024 1797 pontificum,
1065 1745 1299 1798 largicione
1338 1755 1487 1797 regum
1526 1743 1593 1782 uel
1634 1743 1871 1794 principum,

34 1815 252 1855 oblacione
284 1813 472 1867 fidelium,
504 1826 580 1853 seu
611 1814 702 1853 aliis
734 1813 862 1852 modis
896 1816 1110 1863 prestante
1144 1812 1302 1850 domino
1336 1812 1486 1862 poterit
1517 1810 1706 1862 adipisci,
1740 1809 1872 1848 eidem

34 1882 143 1935 loco,
175 1886 217 1921 et
248 1883 326 1935 eis,
360 1883 426 1933 qui
459 1882 744 1920 successerint
775 1879 885 1919 firma
924 1886 965 1918 et
997 1880 1150 1918 illibata
1185 1883 1465 1929 permaneant.
1527 1879 1632 1917 Nam
1665 1882 1707 1916 et
1739 1879 1870 1928 ipsum

32 1949 163 1989 locum
195 1962 284 1989 cum
317 1951 508 2000 personis
541 1950 580 1988 in
613 1952 793 1987 nostram
825 1949 1070 1998 suscipimus
1102 1949 1323 1999 tuitionem,
1358 1947 1545 1985 volentes
1578 1945 1712 1997 quoad
1745 1947 1871 1984 uixe-

32 2017 171 2070 rimus,
205 2029 230 2056 a
262 2019 349 2056 suis
382 2029 456 2068 pro
489 2020 721 2055 nostrorum
753 2016 997 2055 remissione
1024 2016 1302 2066 peccaminum
1334 2013 1597 2053 inuasoribus
1630 2011 1870 2052 defensare.

33 2086 363 2128 Considerantes
396 2087 516 2125 etiam
554 2089 682 2138 grata
715 2088 756 2123 et
795 2087 970 2133 accepta
1001 2083 1172 2122 seruitia
1215 2083 1375 2121 Volrici
1407 2082 1534 2135 Nigri
1566 2081 1698 2120 nostri
1731 2080 1870 2119 dilecti

33 2155 139 2193 ciuis
171 2154 213 2192 in
237 2155 391 2207 Bruna,
425 2164 504 2204 que
527 2159 670 2191 nostre
701 2154 962 2190 incessanter
989 2150 1175 2189 exhibuit
1207 2149 1439 2189 celsitudini
1469 2149 1599 2188 locum
1624 2150 1754 2198 ipsum
1778 2149 1870 2187 siue

32 2233 187 2275 aream,
226 2222 268 2260 in
300 2232 380 2272 qua
419 2219 583 2271 prefata
622 2220 804 2259 ecclesia
843 2223 908 2258 est
945 2218 1135 2271 locanda,
1174 2218 1406 2271 grangiam
1442 2218 1483 2256 in
1524 2214 1869 2269 Cuonegesueld,

34 2301 153 2342 quam
192 2289 270 2328 sibi
310 2288 362 2328 de
399 2292 543 2327 nostra
589 2289 714 2341 regia
751 2298 895 2326 mensa
936 2298 987 2325 ac
1028 2297 1194 2325 camera
1240 2286 1372 2324 libere
1412 2285 1668 2337 contulimus,
1707 2284 1869 2334 absque

33 2357 138 2397 omni
171 2368 315 2409 censu,
348 2360 390 2395 et
428 2356 600 2408 decima,
632 2367 708 2394 seu
740 2356 832 2394 aliis
871 2355 1061 2393 seruiciis
1094 2353 1407 2404 quibuscunque
1440 2364 1529 2392 cum
1561 2352 1666 2390 idem
1698 2351 1869 2390 Vlricus

37 2425 248 2477 premissis
281 2426 403 2464 cedat
440 2424 558 2463 bonis
591 2428 759 2474 propter
798 2423 915 2461 deum
949 2420 1107 2473 prefato
1146 2422 1237 2461 loco
1279 2432 1329 2461 ac
1362 2421 1602 2460 dominabus
1641 2420 1870 2458 liberaliter

35 2504 86 2533 ac
117 2491 401 2532 fauorabiliter
423 2492 566 2531 eadem
599 2492 707 2531 bona
740 2491 935 2531 videlicet
967 2493 1006 2530 in
1037 2490 1223 2542 predicta
1255 2490 1352 2529 uilla
1384 2488 1635 2541 possidenda
1668 2491 1867 2540 perpetuo
