2155 2928
917 163 1018 204 311

50 306 326 350 conferuntur.
373 306 598 345 litterarum
647 305 881 345 notionibus
930 307 971 344 et
1015 304 1179 344 testium
1225 301 1528 342 assertionibus
1570 305 1887 343 conseruentur.

51 387 104 417 ne
141 387 269 414 cursu
308 374 504 423 temporis
552 384 631 424 que
680 375 758 413 fite
806 386 880 425 pro
929 374 1150 411 animarum
1199 371 1332 410 salute
1379 370 1540 409 seilicet
1587 374 1628 408 et
1673 370 1888 424 religiosis

51 443 153 484 locis
193 442 342 481 collata
381 444 476 479 sunt
525 451 703 480 erronee
751 445 792 480 et
840 452 1000 480 vesane
1048 443 1338 479 retractentur.
1385 438 1489 478 Inde
1535 441 1601 477 est
1647 438 1754 489 quod
1801 450 1888 492 ego

51 509 267 552 Elisabeth
305 520 416 547 vxor
454 509 580 547 beate
620 509 812 547 memorie
845 509 993 547 domini
1033 508 1213 547 Kadoldi
1247 506 1419 557 orphani
1460 510 1594 545 notum
1635 517 1733 544 esse
1766 507 1889 556 cvpio

51 578 259 619 vniuersis
297 580 377 615 tam
417 576 682 626 presentibus
723 587 841 627 quam
880 575 1039 616 futuris.
1083 575 1190 628 quod
1223 586 1308 614 rem
1340 575 1472 613 multis
1515 575 1634 613 annis
1668 575 1889 613 retroactis

52 647 118 699 pie
155 647 369 695 inceptam.
410 644 516 694 piius
558 648 599 682 et
631 643 830 683 deuocius
863 645 1069 684 innouaui.
1102 643 1299 682 videlicet
1330 643 1369 681 in
1409 653 1459 681 eo
1502 642 1609 693 quod
1650 642 1713 680 ius
1747 646 1890 692 patro-

52 718 171 754 natus
216 713 399 752 ecclesie
447 712 487 750 in
533 711 711 750 MohrIn
758 713 941 751 ecclesie
991 712 1217 751 ozlawensz·
1267 715 1309 749 et
1361 711 1543 764 collegio
1592 711 1689 749 inibi
1737 710 1890 749 devote

53 782 131 822 deo
171 780 378 821 famulanti
417 792 442 818 a
484 780 738 829 principibus
779 780 928 818 dudvm
967 780 1155 818 collatam
1197 779 1447 832 recognoui.
1510 778 1716 816 Preterea
1755 782 1891 817 notum

52 848 157 890 facio
190 848 294 900 quod
329 849 406 886 iam
438 847 572 886 dictus
604 847 822 886 Kadoldus
855 859 928 898 pro
962 858 1071 900 agro
1105 847 1229 886 dotali
1264 857 1381 897 quem
1415 846 1467 884 ab
1501 846 1683 884 ecclesia
1715 845 1892 885 Mohvln

20 969 25 971 Δ
53 918 308 957 alienauerat
346 917 386 954 in
419 916 505 954 vita
544 927 620 954 sua
654 916 815 954 lanevm
850 920 891 954 et
923 915 1160 954 curticulam
1201 914 1464 953 restaurauit.
1498 917 1540 952 et
1572 924 1659 967 ego
1693 917 1737 953 vt
1770 913 1892 964 plena

54 983 172 1025 fieret
203 984 524 1034 reconpensatio
549 984 786 1022 curticulam
820 983 971 1022 addidi.
1024 984 1202 1032 Insuper
1235 983 1413 1032 quinque
1447 981 1591 1019 laneos
1625 981 1690 1031 qui
1725 993 1749 1019 a
1783 981 1891 1020 dicta

55 1053 234 1093 ecclesia
274 1051 440 1090 alienati
483 1049 647 1090 fuerant
694 1052 734 1090 in
778 1052 873 1090 villa
917 1062 996 1101 que
1036 1050 1182 1089 dicitur
1221 1049 1397 1088 Pobwiz
1438 1050 1672 1102 resignaui.
1735 1048 1892 1087 Testes

54 1121 172 1160 huius
212 1121 272 1159 rei
311 1123 406 1158 sunt
447 1119 702 1158 VVilhelmus
742 1123 783 1158 et
822 1120 968 1159 Milota
1009 1119 1061 1158 de
1094 1119 1238 1157 ordine
1277 1116 1444 1156 fratrum
1485 1119 1691 1156 minorum.
1726 1117 1817 1156 Otto
1851 1120 1893 1157 et

55 1189 274 1228 Heinricus
299 1187 544 1227 sacerdotes
563 1187 614 1226 de
634 1186 846 1226 Ozlawan.
864 1187 1081 1226 Kadoldus
1099 1187 1213 1225 miles
1232 1187 1297 1237 qui
1318 1186 1636 1239 cognominatur
1655 1184 1892 1238 XVeinger.

55 1253 301 1297 Cvonradus
334 1255 449 1294 miles
483 1255 534 1294 de
569 1255 835 1294 dvi-renholz.
870 1260 910 1294 et
943 1255 1009 1293 alii
1044 1266 1161 1305 quam
1196 1255 1348 1304 plures.
1395 1254 1449 1293 Et
1482 1256 1526 1291 vt
1557 1253 1636 1291 hec
1670 1251 1892 1290 firmitatem

55 1323 246 1363 habeant.
280 1328 514 1374 presentem
550 1324 746 1376 paginam
780 1324 907 1376 sigilli
944 1323 1072 1361 nostri
1106 1323 1361 1373 appensione
1401 1321 1609 1360 roboraui.
1671 1320 1820 1360 Datum
1854 1320 1895 1359 in

56 1391 158 1432 Ozla
191 1403 297 1431 anno
331 1391 479 1430 domini
514 1391 574 1430 M.
609 1390 697 1431 Cf.
733 1391 846 1430 LXI.
910 1391 1050 1431 xlm.
1083 1390 1302 1429 Kalendas
1335 1389 1453 1440 Ivnij.

356 1481 412 1513 Ex
434 1481 631 1523 originali
655 1491 725 1513 cum
749 1481 856 1523 sigillo
880 1481 962 1512 bene
986 1483 1181 1512 conservato
1205 1481 1236 1511 in
1259 1479 1393 1511 archivo
1417 1477 1600 1519 ejusdem
1623 1478 1819 1510 monasterii.

837 1618 1120 1660 CCCXXIH.

59 1712 279 1764 otakarus,
321 1712 513 1752 dominus
552 1714 673 1763 requi
714 1714 929 1759 Βοέηιὶιιε,
971 1713 1169 1752 Auso-iae
1210 1715 1248 1750 ec
1277 1710 1446 1761 Styriae
1485 1709 1590 1760 dum,
1631 1713 1670 1748 et
1707 1709 1897 1748 marchio

59 1781 298 1832 Morariae,
338 1782 556 1831 anoni,
596 1782 792 1832 episcopo
835 1781 1122 1830 Olomucensi,
1161 1791 1240 1831 pro
1279 1780 1443 1829 mayne's
1483 1778 1665 1816 seri-iliis
1713 1777 1763 1816 ab
1805 1780 1897 1828 ipso

55 1850 262 1900 praestiti-s·
285 1850 450 1901 confert
472 1850 690 1887 circuitum
712 1849 846 1900 Huljn
872 1861 965 1887 cum
988 1849 1099 1887 villis
1125 1848 1362 1897 Ριίιιυρἱε,
1381 1846 1582 1885 Νὲηιϋίοε
1603 1848 1641 1884 et
1660 1845 1896 1898 Allendorf.

391 1918 464 1956 Dc.
497 1917 612 1968 apud
643 1915 856 1969 „Ptezlcj'
888 1917 943 1955 X.
977 1915 1199 1955 Kalendas
1231 1915 1367 1965 anza‘e‘,
1409 1914 1560 1953 1261.

225 1990 284 2050 In
316 2012 477 2050 nomine
510 2014 657 2050 sancte
691 2014 732 2049 et
765 2009 973 2049 indiuidue
1005 2009 1197 2048 trinitatis
1236 2019 1367 2046 amen.
1430 2007 1519 2046 Nos
1560 2005 1797 2046 Othacarus
1829 2006 1896 2057 qui

60 2078 101 2115 et
130 2076 317 2116 Premizl.
350 2079 417 2117 dei
449 2080 592 2132 gratia
620 2079 806 2117 dominus
839 2079 966 2131 regni
998 2077 1182 2129 Boenlie7
1208 2077 1380 2115 Austrie
1413 2079 1454 2114 et
1479 2075 1622 2125 Styrie
1655 2074 1753 2127 dux,
1785 2086 1897 2112 mar-

59 2143 231 2195 chioque
257 2146 461 2186 Morauie.
495 2147 680 2185 omnibus
711 2148 1017 2197 imperpetuum.
1065 2145 1248 2183 Interest
1274 2143 1556 2194 principaliter
1580 2153 1743 2195 regum,
1769 2145 1897 2195 grata

59 2222 221 2251 suorum
247 2211 420 2253 fidelium
447 2217 489 2253 et
513 2214 753 2253 deuotorum
778 2214 993 2265 obsequia⁷
1018 2213 1216 2266 gratuitis
1242 2221 1512 2261 compensare
1537 2210 1897 2263 retribucionibus7

60 2286 100 2319 et
131 2290 269 2320 eorum
299 2286 396 2321 vota
421 2282 651 2336 diligenter
683 2282 915 2333 attendere7
941 2285 982 2319 et
1014 2281 1075 2318 sic
1108 2290 1157 2318 ea
1183 2278 1330 2318 effectu
1365 2281 1642 2329 prosequente
1677 2278 1897 2330 complere⁷

59 2350 105 2385 vt
134 2348 195 2386 eis
227 2351 344 2400 quasi
384 2349 560 2389 debitam
594 2350 844 2389 exhibentes
883 2349 1088 2401 graciam,
1121 2347 1265 2385 multos
1305 2347 1409 2385 alios
1449 2347 1528 2384 sibi
1568 2347 1818 2385 constituant
1858 2346 1898 2384 in

60 2411 138 2453 fide
169 2427 218 2454 ac
250 2418 490 2456 constancia
531 2418 754 2457 debitores.
787 2420 829 2455 et
867 2416 957 2455 dum
990 2416 1266 2454 benemeritos
1306 2416 1412 2453 iuste
1446 2417 1723 2466 remunerant,
1757 2414 1897 2464 plures

60 2481 161 2521 alios
193 2484 244 2522 ad
275 2485 383 2524 bene
415 2486 649 2525 merendum
683 2485 863 2524 alliciant
895 2488 936 2523 et
968 2484 1152 2522 inuitent.
1216 2481 1445 2532 Cupientes
1479 2483 1608 2535 igitur
1642 2483 1810 2533 prompti
1843 2481 1896 2520 ad

60 2551 247 2604 graciam
279 2553 468 2608 inueniri,
508 2553 687 2593 libenter
725 2557 766 2592 et
798 2551 1026 2592 liberaliter
1064 2552 1172 2590 sicut
1204 2550 1327 2590 decet
1365 2549 1553 2590 fidelibus
1596 2551 1750 2590 nostris
1789 2550 1895 2589 illam
