2155 2928
950 173 1048 214 145

879 313 1118 354 CLXXIII.

78 373 242 425 Bruno,
270 373 490 426 episcopus
515 373 818 425 alomna-ensis,
845 375 1063 413 ecclesiam
1091 375 1135 412 in
1158 370 1432 411 Prosme'issice
1455 372 1707 410 monasterio
1730 373 1920 412 Luc-ensi

240 443 285 480 in
316 443 385 481 lile
416 453 509 480 cum
541 441 681 493 Spera
714 442 868 480 clerico
900 441 1125 492 adjoetdicat.
1181 441 1329 479 Actum
1361 441 1405 478 in
1438 440 1564 489 Keh',
1605 439 1756 479 1251.

217 500 394 560 Bruno.
429 518 495 557 dei
528 518 681 572 gracia
715 517 999 557 olomucensis
1032 517 1266 568 Episcopus
1299 517 1484 559 omnibus
1518 520 1756 567 presentem
1789 516 1919 570 pagi-

79 599 172 626 nam
211 587 480 637 inspecturis.
520 587 560 625 in
603 586 762 624 domino
802 586 987 624 salutem.
1049 586 1254 624 Nouerint
1292 585 1491 624 vniuersi.
1534 584 1641 635 quod
1683 596 1772 624 cum
1811 585 1920 624 inter

78 655 284 694 Abbatem
319 658 360 693 et
392 653 649 694 Conuentum
689 655 927 693 Lucensem
960 664 1015 692 ex
1056 665 1150 691 vna.
1184 657 1225 691 et
1256 652 1432 703 Speram
1472 651 1678 693 Clericum
1712 663 1767 692 ex
1799 655 1919 703 parte

79 723 225 761 altera.
258 733 385 773 super
417 723 610 761 Ecclesia
644 722 907 760 Prosmeri-z.
932 723 1092 772 questio
1125 724 1374 760 uerteretur.
1404 721 1557 760 abbate
1591 720 1756 760 dicente
1789 721 1917 771 ipsam

80 791 313 830 Ecclesiam
346 794 425 829 tam
466 790 504 828 in
538 790 833 840 spiritualibus.
876 800 994 840 quam
1033 789 1325 839 temporalibus
1368 789 1419 827 ad
1459 801 1574 827 suum
1614 789 1917 828 Monasterium

80 859 302 909 pertinere.
329 858 468 908 Spera
494 861 703 896 narrante.
730 857 836 908 quod
864 869 940 908 per
963 857 1165 896 Illustrem
1187 857 1420 907 Principem
1445 857 1642 895 dominum
1667 856 1918 905 P.[re1m'zI)

78 927 276 966 Morauz‘e
313 925 618 965 Marchz‘onem.
658 925 710 963 ad
760 936 876 976 quem
926 926 987 964 ius
1034 925 1284 963 Patronatus
1324 925 1534 974 pertinere
1583 924 1761 964 dicebat.
1802 929 1919 964 esset

78 998 328 1033 consecutus
361 993 547 1032 eandem.
580 993 619 1031 in
653 994 770 1031 cuius
803 994 1073 1043 possessione
1106 992 1269 1032 defacto
1303 1003 1350 1031 se
1380 1003 1478 1032 esse
1501 993 1664 1043 publice
1696 991 1917 1032 fatebatur.

78 1073 206 1112 super
237 1062 316 1101 hiis
350 1061 546 1112 predictis
579 1061 733 1100 Abbati
774 1065 816 1100 et
847 1060 984 1112 Spore
1021 1065 1064 1100 ut
1096 1073 1234 1100 coram
1278 1061 1395 1099 nobis
1428 1064 1716 1111 comparerent
1756 1061 1808 1099 de
1841 1072 1917 1099 suo

77 1131 167 1169 iure
200 1129 371 1169 docturi.
411 1130 622 1168 terminum
656 1132 970 1180 peremptorium
1011 1130 1335 1182 assignauimus.
1375 1129 1523 1179 quibus
1563 1128 1707 1167 eodem
1744 1130 1916 1168 termino

76 1198 118 1237 in
151 1197 284 1238 Ghelz
317 1209 455 1236 coram
487 1197 606 1236 nobis
641 1198 915 1247 personaliter
955 1198 1299 1248 comparentibus.
1342 1194 1528 1247 prefatus
1560 1196 1693 1235 abbas
1727 1197 1843 1247 petiit
1874 1199 1918 1235 ut

78 1266 156 1305 sibi
189 1266 242 1305 de
273 1266 410 1316 Spera
443 1266 642 1305 iusticiam
675 1264 921 1305 faceremus.
956 1267 1022 1317 qui
1056 1266 1201 1305 dictam
1243 1265 1463 1304 ecclesiam
1497 1268 1738 1315 occupatam
1771 1268 1917 1304 contra

76 1333 291 1373 iusticiam.
324 1338 366 1372 et
397 1333 439 1372 iu
471 1333 720 1372 Monasterii
753 1334 816 1372 sui
849 1333 1114 1384 preludicium
1148 1333 1365 1373 detineret.
1427 1333 1577 1372 Dictus
1609 1332 1746 1383 Spera
1779 1344 1917 1372 coram

77 1401 197 1440 nobis
236 1401 289 1440 ad
329 1401 407 1440 1100
446 1401 571 1439 nichil
613 1401 875 1452 respondens
925 1402 1047 1440 aliud.
1088 1402 1206 1440 nobis
1253 1402 1374 1441 talem
1414 1401 1599 1440 cedulam
1646 1402 1915 1451 presentauit.

77 1469 263 1508 Domine
292 1469 507 1520 Episcopo
537 1480 642 1519 roqo
672 1480 750 1508 uos
781 1472 827 1508 ut
856 1469 959 1509 detis
990 1469 1118 1508 michi
1149 1470 1311 1521 aliquos
1350 1468 1509 1508 iudices
1541 1470 1610 1519 que·
1640 1470 1777 1507 neutri
1805 1470 1918 1520 parti

76 1537 163 1576 sint
192 1537 388 1588 suspecti.
428 1536 614 1587 alioquin
644 1538 879 1577 Romanum
919 1537 1074 1578 Sedent
1116 1537 1292 1589 appello.
1333 1539 1372 1576 et
1413 1539 1506 1588 peto
1544 1537 1780 1587 Apostolos.
1823 1548 1916 1575 oum

75 1603 205 1644 michi
243 1605 335 1643 sitis
374 1607 591 1655 suspectus
631 1605 675 1643 in
714 1617 843 1644 causa
881 1607 1012 1644 uestri
1049 1606 1194 1644 clerici
1234 1604 1423 1646 Conrada'
1463 1616 1589 1656 super
1627 1604 1827 1644 Ecclesia
1866 1604 1917 1644 de

77 1672 342 1712 Prosmeriz.
375 1675 417 1711 et
448 1672 490 1710 in
522 1673 747 1711 continenti
779 1674 840 1712 sic
872 1674 1134 1712 illIcentiatus
1176 1674 1373 1712 abcessit.
1436 1673 1525 1712 Nos
1558 1684 1659 1712 uero
1693 1684 1781 1712 cum
1814 1684 1915 1724 pre-

78 1739 188 1780 fatus
228 1738 449 1780 Conradus
489 1750 569 1778 nec
610 1744 766 1793 ageret
803 1751 883 1779 nec
926 1743 1139 1792 quicquam
1178 1744 1431 1792 proponeret
1470 1744 1614 1780 contra
1655 1742 1797 1791 ipsum.
1837 1752 1914 1780 sue

76 1820 157 1847 non
191 1806 431 1847 deferentes
465 1807 752 1858 appellacioni.
791 1819 867 1858 per
906 1808 1009 1847 duos
1051 1809 1297 1848 sacerdotes
1336 1807 1583 1859 Ileydolfum
1623 1812 1664 1848 et
1701 1809 1914 1848 Nicolaum

77 1877 318 1927 capellanos
351 1879 517 1915 nostros
558 1875 609 1914 de
642 1876 1024 1926 superhabundanti
1062 1877 1190 1927 ipsum
1224 1875 1392 1915 fecimus
1434 1877 1636 1915 reuocari.
1668 1880 1712 1916 ut
1750 1878 1785 1916 si
1819 1876 1915 1928 quid

78 1948 222 1983 contra
248 1943 436 1983 abbatem
460 1943 697 1982 Lucensem
723 1943 774 1982 de
807 1944 896 1983 iure
920 1955 995 1983 suo
1029 1944 1182 1983 docere
1205 1949 1468 1995 proponeret.
1495 1947 1622 1996 ipsum
1645 1945 1914 1984 libentissime

79 2011 327 2050 audiremus.
361 2012 428 2062 qui
461 2022 540 2050 nec
573 2012 707 2050 rediit.
739 2022 819 2050 nec
851 2012 1024 2064 aliquem
1059 2025 1131 2063 pro
1165 2024 1212 2051 se
1246 2014 1408 2052 curauit
1438 2014 1598 2052 mittere
1631 2014 1915 2064 responsalem

78 2090 207 2131 quare
241 2080 387 2118 dictum
420 2079 596 2129 Speram
635 2091 710 2129 pro
742 2079 815 2118 tali
854 2081 1110 2119 contumacia
1143 2082 1581 2120 exconimunicauimus
1621 2083 1784 2121 iusticia
1818 2082 1913 2120 exi-

76 2152 222 2201 gente.
284 2147 544 2186 Postmodum
587 2158 666 2186 non
709 2149 849 2187 semel.
889 2149 966 2187 sed
1007 2150 1148 2199 sepius
1187 2149 1336 2188 citatus
1377 2150 1650 2200 peremptorie
1689 2162 1769 2188 non
1801 2151 1914 2188 uenit

76 2227 155 2254 nec
189 2216 306 2254 misit.
368 2215 517 2254 Adhuc
550 2219 685 2255 tamen
724 2215 775 2255 ad
809 2217 1134 2255 conuincendam
1175 2217 1305 2267 ipsius
1339 2217 1534 2256 duriciam
1573 2218 1756 2256 dedimus
1789 2218 1827 2256 ei
1861 2217 1913 2257 de

76 2283 325 2321 exuberanti
358 2284 510 2336 gracia
547 2284 756 2323 terminum
790 2286 1104 2335 peremptorium
1143 2296 1275 2336 usque
1315 2285 1367 2324 ad
1408 2287 1631 2336 proximum
1671 2290 1912 2337 sequentem

76 2349 181 2389 diem
213 2354 306 2401 post
330 2351 487 2390 Iacobi.
520 2352 697 2391 citantes
730 2353 858 2403 ipsum
891 2353 1067 2403 publice.
1100 2354 1154 2392 ita
1188 2353 1296 2405 quod
1329 2354 1467 2393 citatio
1501 2354 1552 2393 ad
1587 2355 1714 2404 ipsum
1749 2358 1913 2405 poterat

74 2419 311 2468 peruenire.
343 2422 387 2458 ut
418 2419 468 2458 ad
503 2420 632 2470 ipsum
663 2421 826 2459 ueniret
863 2422 1073 2460 terminum
1107 2433 1234 2472 super
1273 2433 1402 2461 causa
1437 2423 1620 2473 predicta
1661 2422 1910 2462 diffinitiuam

73 2487 326 2525 sentenciam
359 2487 586 2526 auditurus.
620 2488 672 2527 ad
712 2499 829 2540 quem
863 2490 992 2528 eciam
1032 2490 1192 2529 mittere
1225 2494 1266 2530 et
1295 2492 1442 2529 uenire
1482 2492 1736 2541 contempsit.
1802 2490 1909 2539 Quia

75 2555 204 2607 igitur
236 2555 274 2593 in
307 2554 386 2593 hiis
419 2556 603 2595 omnibus
642 2557 772 2607 ipsum
805 2557 1107 2597 inobedientem
1146 2559 1387 2598 inuenimus.
1421 2559 1570 2598 auditis
1610 2560 1729 2598 etiam
1762 2560 1911 2598 litteris

1643 2629 1700 2667 19
