2155 2928
926 189 1030 233 227

65 336 268 377 terminum
300 332 533 383 expectat-it
555 333 659 371 uisis
686 336 727 372 et
750 332 899 371 auditis
926 343 1005 383 que
1028 343 1101 382 pro
1130 330 1325 382 predictis
1358 328 1586 369 Abbatissa
1616 331 1657 367 et
1689 333 1896 369 conuentu

63 404 223 447 suerunt
254 401 465 452 proposita
507 412 644 439 coram
685 411 734 439 eo
775 400 1090 450 appellationem
1131 400 1310 449 ipsarum
1354 397 1632 448 pronuntiauit
1671 397 1895 449 legitimam

66 475 106 512 et
135 469 347 510 reuocauit
379 467 573 519 quicquid
607 471 700 517 post
739 468 867 518 ipsam
900 469 939 506 in
982 478 1122 506 earum
1153 467 1383 506 Abbatisse
1416 468 1457 503 et
1489 467 1720 503 conuentus
1753 465 1895 514 preiu-

66 539 207 579 dicium
240 547 314 587 per
346 534 519 574 eundem
552 536 790 585 episcopum
829 536 962 574 extitit
993 537 1268 584 attemptatum
1308 545 1358 572 ac
1391 532 1674 571 nichilominus
1706 533 1822 582 ipsas
1854 533 1897 571 in

64 605 366 658 possessionem
399 602 508 641 dicte
548 603 730 641 ecclesie
763 614 893 641 causa
935 603 997 641 rei
1029 601 1239 641 seruande
1278 600 1536 640 inducendas
1575 598 1666 638 fore
1708 599 1897 638 decreuit·

64 677 180 726 prout
210 673 251 711 in
282 673 551 710 instrumento
586 670 748 721 publico
782 670 878 709 inde
910 668 1101 708 confecto
1135 669 1319 723 sigillato
1353 669 1481 718 ipsius
1515 667 1722 717 capellani
1755 667 1896 720 sigillo

67 741 209 781 dicitur
239 739 399 790 plenius
432 738 648 777 contineri.
713 736 951 785 Qvuocirca
991 738 1230 777 discretioni
1262 742 1331 775 tue
1372 747 1448 786 per
1480 736 1708 785 apostolica
1741 736 1898 785 scripta

66 808 296 848 mandamus
329 810 532 857 quatenus
556 806 672 856 ipsas
704 806 770 844 uel
794 810 1103 855 procuratorem
1130 816 1270 843 earum
1293 815 1366 854 pro
1400 805 1461 842 eis
1484 804 1524 841 in
1556 804 1685 853 ipsius
1713 803 1897 841 ecclesie

67 875 369 927 possessionem
410 884 542 912 causa
580 873 641 911 rei
681 873 891 911 seruande
931 876 1176 911 auctoritate
1215 876 1356 910 nostra
1404 871 1575 909 inducas
1616 874 1656 909 et
1695 869 1898 909 defendas

63 943 246 982 inductas
278 940 607 980 contradictores
640 951 716 990 per
748 951 968 978 censuram
1001 941 1330 979 ecclesiasticam
1356 939 1634 990 appellatione
1667 939 1897 988 postposita

64 1009 370 1060 compescendo.
403 1020 486 1047 non
519 1008 711 1046 obstante
743 1008 779 1046 si
811 1008 882 1046 tibi
917 1008 983 1046 uel
1025 1008 1156 1046 ordini
1191 1012 1259 1046 tuo
1293 1020 1316 1046 a
1350 1007 1452 1046 sede
1485 1006 1712 1056 apostolica
1746 1007 1800 1044 sit
1831 1006 1897 1044 in-

66 1077 222 1130 dultum,
254 1076 359 1128 quod
403 1076 455 1115 de
487 1077 628 1115 causis
672 1087 751 1126 que
790 1075 860 1114 tibi
901 1087 926 1114 a
965 1075 1068 1114 sede
1107 1076 1405 1114 committuntur
1444 1073 1588 1113 eadem
1629 1082 1898 1126 cognoscere

64 1146 216 1184 minime
261 1146 459 1184 tenearis.
524 1144 672 1183 Datum
722 1140 923 1182 Laterani
965 1144 1040 1182 VI.
1080 1142 1180 1182 Idus
1212 1142 1409 1181 Ianuarii.
1458 1138 1728 1180 Pontificatus
1767 1139 1898 1178 nostri

65 1223 169 1252 anno
199 1213 332 1252 tertio.

362 1309 417 1342 Ex
440 1308 635 1351 originali
660 1307 842 1349 ejusdem
865 1309 1062 1341 monasterii.

865 1470 1103 1513 CCXLIII.

1 1599 3 1618 ³
64 1574 178 1615 Idem
205 1576 404 1628 praelatis
436 1578 475 1614 el
504 1574 672 1614 clericis
701 1586 777 1625 per
810 1574 1042 1624 Βοϋηιῖαηι,
1072 1573 1312 1622 Ροῖοηὶαηι,
1345 1571 1584 1610 ,norm-iam
1616 1572 1654 1608 et
1682 1569 1899 1608 Austriam

2 1625 4 1706 ἶ
66 1645 286 1682 constitutis
333 1642 521 1692 mandat,
569 1644 614 1680 ul
652 1641 849 1693 adjurent
891 1642 1070 1692 fralrem
1116 1640 1485 1679 Bartholomaeum
1534 1637 1584 1675 dc
1634 1637 1809 1675 Boenasa
1854 1637 1900 1675 in

4 1762 5 1768 ἵ
63 1710 340 1763 praedicanda
372 1711 576 1750 adversus
602 1710 840 1750 Limuanos
873 1721 1009 1748 cruce.
1054 1710 1126 1748 Dc.
1158 1707 1376 1757 Laterani>
1409 1705 1488 1745 IV.
1521 1705 1623 1745 Kal.
1656 1703 1900 1755 Februarii,

906 1775 1057 1816 1257.

6 1941 7 1948 ἵ
195 1869 462 1930 Alexander
500 1889 721 1939 episcopus
754 1898 904 1926 seruus
943 1897 1156 1925 seruorum
1198 1884 1276 1923 dei.
1340 1881 1664 1921 Venerabilibus
1704 1878 1901 1919 fratribus

6 1970 8 1984 r
65 1955 386 2008 archiepiscopis
426 1961 468 1996 et
499 1957 710 2007 episcopis
751 1966 800 1993 ac
842 1955 1003 1993 dilectis
1045 1952 1135 1992 filiis
1175 1951 1409 2002 abbatibus7
1450 1949 1672 2001 prioribus,
1713 1948 1899 2001 decanis,

6 2012 9 2059 ἰ
65 2025 292 2077 prepositis,
325 2025 644 2076 archidiaconis,
678 2022 913 2061 rectoribus
947 2026 987 2060 et
1020 2022 1112 2059 aliis
1146 2020 1415 2058 ecclesiarum
1449 2017 1616 2067 prelatis
1650 2020 1692 2054 et
1732 2015 1900 2053 clericis

8 2085 10 2138 f
64 2100 138 2140 per
167 2091 385 2145 Boemiam,
417 2090 907 2144 Poloniam7310rauiani
942 2093 982 2127 et
1007 2089 1231 2141 Aust1·iam.,
1264 2098 1341 2125 nec
1375 2097 1455 2124 non
1489 2089 1530 2123 et
1562 2087 1704 2134 partes
1737 2084 1900 2121 vicinas

9 2166 11 2190 ἱ
65 2159 290 2198 constitutis
329 2160 501 2199 salutem
543 2163 585 2198 et
626 2159 894 2208 apostolicam
933 2156 1275 2195 benedictionem.
1331 2152 1432 2193 Cum
1474 2152 1623 2190 dilecto
1663 2149 1741 2190 filio
1781 2149 1898 2189 sratri

10 2215 11 2275 ᾗ
64 2224 354 2266 Bar-tholomeo
387 2228 438 2266 de
471 2228 648 2266 Boemz'a
682 2226 838 2265 ordinis
871 2223 1040 2263 fratrum
1072 2223 1291 2273 Minorum7
1331 2232 1447 2271 quem
1482 2230 1557 2258 sue
1597 2219 1818 2271 religionis
1859 2221 1901 2256 et

10 2283 12 2295 ¹
64 2292 274 2341 probitatis
306 2295 475 2334 obtentu
507 2306 646 2333 carum
679 2294 880 2333 habemus
915 2291 1125 2330 admodum
1158 2294 1199 2329 et
1231 2293 1466 2340 acceptum7
1507 2291 1549 2326 et
1589 2287 1628 2325 in
1669 2288 1785 2325 cuius
1825 2296 1899 2324 ore

11 2364 13 2402 l
64 2370 142 2398 non
174 2368 237 2400 est
259 2363 429 2401 verbum
454 2363 602 2402 domini
630 2362 859 2415 alligatum7
887 2364 1031 2398 contra
1057 2359 1273 2397 Lim-anos
1299 2360 1339 2395 et
1370 2356 1473 2394 alios
1502 2352 1689 2393 infideles
1723 2354 1762 2391 in
1795 2365 1897 2404 par-

13 2460 16 2485 3
65 2427 170 2466 tibus
203 2431 355 2469 vestris
388 2431 609 2481 predicare
642 2428 957 2468 commiserimus
991 2426 1160 2464 verbum
1194 2425 1350 2463 crucis:
1382 2423 1691 2461 uniuersitatem
1716 2425 1900 2459 vestram

14 2487 15 2502 ³
64 2504 260 2547 rogamus
300 2501 342 2537 et
388 2498 597 2537 hortamur
644 2500 825 2547 attente,
879 2505 955 2544 per
1002 2492 1230 2543 apostolica
1271 2492 1391 2530 vobis
1438 2491 1594 2540 scripta
1640 2489 1899 2541 mandantes,

66 2566 262 2612 quatenus
302 2566 432 2616 ipsum
471 2566 522 2605 ob
562 2563 842 2604 reuerentiam
889 2561 1118 2613 apostolice
1157 2559 1284 2601 Sedis
1328 2563 1368 2599 et
1409 2562 1590 2598 nostram
1632 2557 1807 2596 honeste
1847 2567 1898 2594 ac

1583 2622 1693 2664 292³
