2155 2928
962 163 1024 203 13

68 308 110 344 et
147 304 369 343 iuratorum
409 304 588 343 ciuitatis
629 303 885 343 emendetur.
947 303 996 346 Si
1037 308 1172 344 autem
1218 303 1421 344 homicida
1461 304 1752 356 deprehensus
1792 306 1915 348 suerit

69 371 110 410 in
142 372 230 423 ipso
271 375 367 411 actu
399 383 488 411 cum
529 372 673 426 gladio
707 376 936 412 cruentato.
977 377 1019 412 et
1050 373 1085 411 si
1125 372 1252 411 iudex
1293 373 1372 413 hoc
1405 374 1585 424 probare
1618 376 1769 425 poterit
1807 387 1910 415 cum.

66 439 145 478 VI.
178 439 340 479 idoneis
373 443 415 479 et
446 440 634 479 honestis
668 441 872 491 personis.
907 444 948 480 et
980 452 1062 480 vno
1104 442 1250 479 iurato.
1284 442 1420 491 capite
1460 443 1665 492 puniatur.
1729 442 1776 483 Si
1811 454 1914 482 vero

66 507 194 547 iudex
226 507 438 558 predictas
474 519 680 558 personas
713 520 794 547 non
828 508 1021 547 habuerit
1061 508 1113 547 ad
1156 508 1423 558 probandum.
1464 510 1613 560 probet
1653 511 1915 561 metquintus.

68 575 230 614 duobus
269 575 465 615 uidelicet
502 577 646 615 iuratis
693 577 784 614 aliis
828 576 987 615 duobus
1026 576 1214 615 honestis
1250 577 1364 615 uiris.
1415 577 1468 616 ita
1519 581 1564 616 vt
1613 578 1664 616 (le
1717 578 1915 628 predictis

67 643 144 682 VI.
177 643 292 682 uiris.
325 643 393 682 vel
428 643 480 682 de
507 648 682 694 quatuor
714 644 986 694 sequentibus
1020 644 1153 683 nullus
1185 645 1383 683 inimicus.
1416 645 1486 684 vel
1519 646 1675 684 emulus
1709 647 1917 684 exstiterit

65 709 288 750 interfecti.
321 712 458 761 capite
490 713 694 762 puniatur.
741 711 788 752 Si
822 716 956 751 autem
988 712 1189 751 homicida
1221 713 1419 766 legitimis
1452 716 1517 752 ter
1544 717 1719 752 vocatus
1754 713 1915 752 edictis.

68 790 206 819 coram
240 779 388 818 iudicio
422 791 502 818 non
536 781 823 830 comparuerit.
858 780 984 819 iudex
1016 791 1106 819 eum
1138 782 1411 832 proscriptum
1445 781 1679 820 denunciet.
1714 785 1754 821 et
1788 782 1915 831 prima

68 859 168 899 pars
200 847 398 886 bonorum
423 859 586 886 suorum
621 847 756 886 iudici.
787 848 919 887 altera
954 859 1052 898 pars
1079 849 1304 887 actoribus.
1337 850 1469 888 tercia
1496 861 1599 888 vero
1625 849 1749 888 cedat
1774 850 1916 887 liberis

68 919 110 955 et
142 916 277 954 vxori.
341 915 497 953 Verum
538 917 572 954 si
613 915 756 954 liberis
798 919 840 955 et
879 927 1011 955 uxore
1053 920 1199 956 careat
1238 917 1453 956 homicida.
1494 919 1562 968 qui
1605 918 1917 968 proscripcione

67 983 323 1033 dampnatur.
357 984 482 1033 prima
517 995 614 1033 pars
642 983 838 1022 bonorum
871 995 1034 1023 suorum
1067 984 1203 1023 iudici.
1236 985 1371 1024 altera
1404 997 1502 1035 pars
1530 986 1753 1024 actoribus.
1787 986 1918 1024 tercia

69 1062 174 1090 vero
209 1051 403 1089 ecclesiis
437 1051 678 1104 egentibus.
711 1054 753 1090 et
785 1051 836 1090 ad
869 1052 961 1090 uias
995 1050 1282 1091 reformandas
1322 1053 1374 1091 de
1407 1054 1605 1091 communi
1638 1053 1809 1092 consilio
1844 1054 1918 1091 im-

72 1118 291 1170 pendatur.
336 1119 487 1172 Igitur.
521 1120 764 1170 quicumque
797 1131 871 1169 pro
903 1119 1119 1158 homicidio
1154 1121 1193 1158 in
1226 1121 1579 1171 proscripeionem
1613 1120 1845 1159 devenerit.
1878 1121 1920 1159 in

71 1187 161 1237 ipsa
188 1197 264 1237 per
288 1198 436 1226 annum
462 1190 503 1226 et
530 1187 647 1226 diem.
675 1188 847 1226 omnium
874 1188 1111 1226 interuentv
1136 1187 1356 1227 destitutus
1385 1192 1426 1227 et
1458 1189 1623 1227 auxilio.
1650 1188 1918 1238 permanebit.

67 1255 345 1294 Decernimus
371 1256 515 1294 eciam.
547 1259 591 1294 vt
617 1256 850 1307 quicunque
877 1259 1046 1306 propter
1077 1256 1334 1294 homicidivm
1364 1256 1606 1306 dampnetur
1640 1256 1779 1294 exilio.
1807 1254 1918 1294 finito

71 1335 180 1365 anno
214 1327 256 1362 et
279 1323 358 1362 die.
391 1334 650 1375 nequaquam
675 1324 880 1362 ciuitatem
908 1324 1087 1363 intrabit.
1114 1328 1332 1375 antequam
1365 1336 1544 1363 marcam
1568 1325 1738 1377 argenti
1763 1323 1920 1362 ciuitati

71 1393 282 1445 assignet.
345 1390 475 1431 Sane.
508 1392 544 1430 si
583 1391 785 1430 homicida
819 1403 900 1430 non
939 1392 1066 1431 habet
1107 1391 1213 1430 infra
1254 1404 1391 1431 muros
1431 1393 1580 1431 valens
1614 1392 1920 1445 quinquaginta

68 1460 240 1498 talenta.
273 1462 316 1498 et
346 1459 630 1498 nichilominus
658 1458 943 1498 fideiussorem
977 1472 1050 1510 pro
1076 1471 1123 1499 se
1158 1461 1307 1510 poterit
1330 1461 1531 1499 inuenire.
1564 1460 1668 1498 idem
1697 1458 1920 1498 fideiubeat

69 1539 145 1579 pro
185 1538 234 1567 eo
276 1527 316 1566 in
349 1539 514 1566 summa.
552 1527 605 1567 L.
643 1526 901 1567 talentorum.
941 1528 993 1566 de
1034 1528 1182 1579 quibus
1225 1529 1527 1581 quinquaginta
1573 1528 1740 1567 talentis
1786 1528 1921 1567 tercia,

71 1607 169 1647 pars
202 1595 338 1637 iudici.
370 1596 503 1634 tercia
534 1607 633 1646 pars
666 1596 890 1635 actoribus.
922 1596 1055 1635 tercia
1087 1607 1190 1635 vero
1224 1596 1380 1635 ciuitati
1412 1596 1612 1635 solvetur.
1667 1596 1716 1637 Si
1749 1593 1920 1634 fideius-

69 1675 207 1705 sorem
235 1675 315 1702 non
342 1663 548 1703 habuerit.
572 1664 698 1703 iudex
721 1665 849 1714 ipsum
881 1664 1031 1714 capiat.
1061 1667 1102 1703 et
1132 1666 1285 1703 teneat.
1313 1675 1529 1715 quousque
1557 1663 1609 1703 de
1636 1665 1725 1714 ipso
1753 1663 1919 1702 iudicet.

69 1733 177 1772 sicut
209 1732 355 1771 iustum
387 1730 522 1771 suerit.
556 1735 598 1771 et
630 1732 731 1771 ordo
765 1733 944 1782 postulat
976 1732 1171 1771 racionis.
1232 1732 1422 1782 Insuper.
1454 1733 1490 1770 si
1525 1730 1628 1770 filius
1663 1734 1733 1770 aut
1764 1732 1920 1771 amicus

69 1800 243 1840 alicuius
286 1810 528 1851 quemquam
568 1800 743 1839 occidat.
790 1803 832 1839 et
873 1803 993 1851 pater
1034 1800 1103 1838 vel
1142 1800 1298 1838 amicus
1339 1800 1428 1838 eius
1475 1800 1632 1839 absens
1674 1798 1811 1838 suerit.
1851 1799 1920 1838 vel

69 1879 248 1920 presens
281 1879 439 1907 manum
479 1879 560 1906 11011
594 1869 846 1918 apposuerit.
887 1869 923 1907 si
963 1871 1044 1907 met
1081 1869 1237 1907 tercius
1270 1868 1451 1907 virorum
1492 1866 1666 1906 fidelium
1707 1867 1787 1906 1100
1820 1879 1921 1918 pro-

68 1936 173 1975 bare
206 1937 369 1986 poterit.
402 1935 455 1974 ab
489 1936 595 1974 omni
628 1936 748 1986 culpa
781 1939 823 1974 et
854 1947 963 1986 pena
996 1937 1126 1986 ipsum
1159 1936 1420 1975 decernimus
1452 1936 1696 1975 absolutvm.
1751 1936 1852 1974 Item
1885 1936 1922 1974 si

72 2004 164 2055 quis
196 2004 248 2043 de
272 2003 487 2043 homicidio
520 2004 748 2042 incusatus.
774 2002 996 2043 confessus
1028 2001 1164 2042 fuerit.
1191 2004 1299 2055 quod
1332 2003 1372 2042 id
1404 2002 1565 2043 fecerit.
1591 2004 1672 2043 vim
1704 2003 1747 2042 vi
1778 2003 1921 2053 repel-

69 2071 206 2113 lendo.
238 2071 278 2110 id
305 2074 383 2111 est.
409 2072 682 2111 Notwernde.
706 2072 741 2110 si
772 2071 851 2110 hoc
876 2072 1005 2122 ipsum
1031 2071 1283 2121 probauerit.
1315 2075 1397 2111 met
1428 2073 1624 2122 septimus
1654 2071 1923 2122 probabilium

71 2140 265 2179 virorum.
298 2141 407 2178 111101·
439 2151 543 2191 quos
576 2140 674 2178 VII.
714 2141 767 2178 sit
799 2151 906 2178 vnus
948 2139 1000 2178 de
1032 2140 1178 2178 iuratis
1218 2140 1430 2190 principis.
1470 2140 1672 2178 innocens
1714 2140 1804 2178 erit.
1867 2139 1924 2178 Et

72 2207 107 2246 si
142 2208 314 2246 iuratum
346 2208 504 2246 habere
544 2220 627 2246 11011
659 2208 822 2258 poterit.
856 2208 1045 2259 acquirat
1082 2218 1173 2246 eum
1205 2219 1281 2258 per
1321 2208 1388 2247 dei
1421 2209 1634 2247 iusticiam.
1675 2207 1714 2246 id
1749 2210 1814 2246 est
1847 2218 1923 2257 per

71 2275 264 2314 ivdicium
297 2286 418 2327 aque.
480 2275 528 2316 Si
572 2286 674 2314 vero
715 2276 756 2315 in
789 2286 898 2327 aqua
938 2287 1180 2326 processum
1219 2287 1301 2314 non
1340 2275 1546 2315 habuerit.
1586 2274 1663 2314 sed
1703 2273 1922 2314 desectum.

73 2344 262 2395 acquirat
293 2354 383 2382 eum
417 2354 492 2394 per
517 2344 694 2397 ignitvm
725 2341 892 2383 ferrum.
936 2344 992 2382 Et
1023 2344 1118 2382 talis
1151 2344 1417 2397 expurgacio
1451 2347 1492 2383 et
1518 2343 1720 2382 iudicium.
1754 2343 1924 2382 cuilibet

74 2411 329 2464 indulgetur.
363 2412 431 2463 qui
464 2413 516 2451 de
548 2411 765 2450 homicidio
798 2411 1040 2462 inpulsatur.
1104 2411 1225 2451 Nunc
1258 2411 1310 2450 de
1344 2412 1587 2451 vulneribus
1620 2411 1811 2450 duximus
1843 2410 1922 2450 ad-

75 2479 335 2518 nectendum.
386 2479 434 2520 Si
467 2480 558 2530 quis
583 2480 729 2519 ciuium
753 2479 876 2520 alicui
901 2492 1060 2519 manum
1084 2480 1369 2530 amputauerit.
1394 2481 1463 2519 vel
1488 2479 1648 2530 pedem.
1672 2483 1742 2518 aut
1766 2491 1924 2518 nasum.

71 2551 144 2587 avt
191 2547 355 2599 aliquod
404 2548 540 2589 nobile
580 2548 798 2588 membrum
828 2548 1058 2587 abstulerit.
1099 2548 1221 2587 iudici
1263 2560 1337 2599 pro
1380 2559 1502 2600 pena.
1542 2549 1722 2600 quinque
1768 2547 1924 2587 talenta
