2155 2928
977 126 1082 167 279

110 269 295 311 duximus
328 268 588 319 apponenda.
631 266 911 319 Ceterumque
944 269 1040 320 quia
1071 266 1326 307 venerabilis
1358 265 1401 305 in
1423 263 1592 306 Christo
1617 269 1736 317 pater
1762 266 1947 307 dominus

110 338 394 379 olomucensis
423 338 660 387 episcopus,
685 349 766 376 vna
799 337 1010 375 vobiscum
1036 335 1259 375 Herborde
1287 335 1460 373 decane.
1488 334 1776 373 Bartholomee
1805 337 1947 375 archi-

110 405 297 445 diacone.
330 405 593 454 Heydolphe.
620 403 829 444 Conrade.
861 404 1165 443 Bartholomee.
1199 407 1353 442 etcum
1386 402 1570 453 pluribus
1604 401 1947 442 Olomucensibus

109 473 333 513 canonicis.
377 477 416 510 et
459 472 549 509 aliis
590 472 709 510 bouis
749 473 851 510 viris
892 472 987 511 huic
1031 471 1309 523 personaliter
1348 469 1531 510 interfuit
1570 474 1830 510 testamento.
1869 483 1947 510 vos

110 541 326 591 expressis
360 540 587 578 nominibus
619 544 750 578 testes
783 551 911 590 super
942 538 1052 579 facto
1085 539 1312 578 huiusmodi
1346 538 1515 578 fecimus
1547 540 1750 578 annotari.
1796 539 1949 578 Datum

112 609 273 662 Prage.
305 619 413 647 anno
447 607 609 646 domini.
641 607 701 647 M.
735 606 825 648 CC.
857 608 951 647 LX.
984 608 1060 647 Vl.
1091 607 1309 646 Kalendas
1341 607 1459 646 Maii.

414 705 468 737 Ex
492 705 690 746 originali
715 715 785 736 cum
809 705 917 746 sigillo
940 706 1014 736 trito
1038 706 1069 736 in
1092 705 1226 736 archivo
1251 703 1432 746 Capituli
1456 703 1752 737 olomucensis.
1776 723 1815 728 ——
1839 704 1950 746 Apo-

515 756 709 797 graphum
733 757 764 786 in
786 755 901 787 codice
925 756 1028 787 chart.
1052 756 1078 787 I.
1101 765 1177 797 pag.
1202 755 1265 787 42.

866 892 1193 935 CCLxxxlx.

110 988 342 1030 Eklzardus
374 987 426 1027 de
449 987 645 1027 Miz-slav>
669 987 894 1039 (nysae-e)
927 988 1091 1040 confert
1114 988 1364 1026 monasterio
1394 987 1684 1027 oslowcmensz·
1703 989 1782 1039 J'us
1803 991 1951 1039 patro-

157 1060 280 1097 natus
312 1057 513 1096 ecclesiae
545 1057 588 1095 in
621 1055 911 1096 Droskowice.
975 1057 1047 1094 ΠΙ.
1081 1056 1124 1094 in
1158 1055 1369 1106 Oslowcm5
1401 1055 1488 1094 III.
1521 1054 1743 1094 Kalendas
1776 1056 1900 1107 Jalii,

961 1123 1112 1163 1260.

255 1198 368 1262 Nos
401 1217 626 1258 Ekhardus
660 1218 793 1257 dictus
827 1218 878 1257 de
903 1217 1104 1258 Mirslaus
1136 1216 1347 1255 vniuersis
1372 1226 1549 1266 presens
1582 1216 1776 1267 scriptum
1800 1216 1954 1255 uisuris

112 1287 163 1328 ad
195 1289 257 1326 rei
281 1287 512 1326 memoriam
544 1287 848 1337 sempiternam.
895 1284 996 1326 Cum
1023 1297 1157 1323 rerum
1190 1288 1231 1323 et
1252 1288 1474 1333 temporum
1498 1284 1644 1322 incerti
1673 1284 1754 1322 sint
1779 1288 1954 1323 euentus

113 1359 155 1396 et
185 1357 372 1395 actiones
411 1355 588 1394 humane
621 1359 988 1406 quantumcumque
1028 1353 1306 1402 sollempniter
1348 1352 1560 1390 celebrate
1599 1352 1756 1390 minime
1789 1351 1956 1390 tardent

113 1423 296 1464 defluere
327 1434 432 1463 sane
460 1423 764 1475 precauendum
798 1427 863 1462 est
889 1426 986 1474 quot
1019 1433 1070 1460 ea
1098 1431 1177 1471 que
1209 1423 1344 1458 tractu
1367 1420 1561 1469 temporis
1595 1422 1748 1470 queunt
1781 1419 1955 1459 alienari

115 1495 156 1532 et
187 1504 211 1532 a
242 1493 435 1531 memoria
469 1492 656 1530 resecari
690 1492 920 1530 testimonio
954 1494 996 1529 et
1035 1490 1182 1529 litteris
1215 1491 1508 1538 perennentur.
1570 1487 1637 1526 Ad
1680 1487 1956 1527 resecandum

113 1561 244 1614 igitur
274 1561 408 1600 tocius
441 1559 723 1613 ambiguitatis
755 1559 1001 1609 scrupulum.
1062 1557 1212 1597 Notum
1244 1557 1298 1595 sit
1328 1560 1407 1594 tam
1440 1555 1705 1605 presentibus
1739 1566 1856 1606 quam
1890 1553 1956 1594 fu-

114 1630 216 1668 turis
249 1629 357 1679 quod
391 1640 465 1667 nos
499 1639 571 1679 pro
605 1628 763 1666 honore
797 1627 862 1666 dei
903 1632 944 1666 et
976 1627 1166 1680 gloriose
1200 1625 1325 1663 marie
1365 1624 1546 1676 virginis
1580 1624 1720 1662 matris
1754 1624 1843 1661 eius
1877 1634 1958 1662 nec

116 1708 195 1736 non
236 1709 309 1747 pro
349 1697 484 1735 salute
523 1707 711 1734 carorum
750 1700 982 1734 nostrorum
1021 1698 1099 1732 tam
1141 1694 1324 1732 uiuorum
1366 1703 1484 1742 quam
1523 1695 1768 1729 mortuorum
1807 1695 1849 1730 et
1881 1703 1955 1741 pro

116 1769 345 1803 nostrorum
384 1764 588 1802 scelerum
630 1764 751 1802 venia
793 1762 1089 1812 consequenda
1130 1761 1348 1799 conuentui
1388 1759 1752 1797 sanctimonialium
1792 1759 1832 1796 in
1865 1759 1957 1797 θεία

117 1832 262 1872 ibidem
295 1832 373 1871 deo
399 1833 556 1885 iugiter
589 1830 871 1870 famulancium
900 1832 962 1869 ius
998 1832 1237 1880 patronatus
1265 1828 1447 1866 ecclesie
1481 1828 1521 1865 in
1554 1827 1834 1865 Droscuwitz.
1868 1837 1958 1865 cum

117 1901 204 1940 suis
243 1901 476 1940 attinenciis
517 1900 759 1938 contulimus
802 1898 1052 1937 recedentes
1092 1897 1145 1935 ab
1186 1895 1290 1934 omni
1332 1896 1420 1933 iure
1461 1898 1502 1933 et
1534 1894 1754 1932 donatione
1794 1905 1873 1945 que
1906 1893 1959 1933 ad

117 1979 193 2007 nos
233 1969 273 2007 in
313 1969 390 2007 iam
431 1968 540 2006 dicta
580 1968 764 2006 ecclesia
806 1966 1049 2017 pertinebat.
1113 1964 1178 2003 Ne
1217 1964 1347 2015 igitur
1387 1966 1466 2000 tam
1506 1962 1743 2011 sollempnis
1777 1961 1957 2000 donatio.

118 2035 366 2086 inposterum
405 2048 430 2074 a
471 2036 666 2089 malignis
711 2035 903 2073 malorum
943 2033 1143 2071 hominum
1191 2030 1546 2084 suggestionibus
1593 2031 1723 2079 possit
1760 2030 1959 2068 immutari

119 2107 351 2154 presentem
383 2104 558 2143 litteram
591 2103 722 2157 sigilli
756 2103 886 2141 nostri
912 2101 1126 2140 munimine
1158 2099 1393 2137 roboratam
1425 2098 1527 2148 ipsis
1553 2097 1737 2136 dedimus
1770 2097 1821 2136 ad
1855 2109 1958 2136 cau-

117 2171 249 2210 telam.
310 2172 462 2211 Datum
494 2172 535 2210 in
569 2171 671 2211 0s1a
703 2181 811 2210 anuo
845 2170 1046 2208 dominice
1078 2168 1375 2206 incarnationis
1408 2166 1467 2206 M.
1501 2164 1590 2206 CC.
1624 2166 1718 2205 LX.
1751 2166 1825 2204 111.
1864 2166 1958 2204 Ka-

119 2237 264 2277 lendas
295 2239 399 2278 Iulii.
440 2240 551 2279 Acta
583 2243 680 2277 sunt
701 2239 780 2277 hec
814 2238 853 2276 in
877 2236 1032 2286 Snoym
1065 2247 1200 2274 coram
1233 2235 1312 2274 hiis
1345 2235 1520 2273 testibus
1552 2234 1727 2272 Domino
1761 2234 1958 2272 Ranciro.

121 2305 293 2345 Domino
326 2308 522 2346 Brewici.
562 2307 737 2346 Domino
771 2305 1008 2344 Zuzicraie.
1047 2303 1221 2341 Domino
1255 2303 1453 2341 Heinrico
1495 2301 1546 2340 de
1579 2302 1741 2340 Tobitz.
1782 2302 1957 2340 Domino

89 2401 93 2404 -
121 2373 322 2413 Hartlibo.
356 2375 407 2414 de
436 2375 737 2415 Miszelboritz.
770 2373 920 2411 Fratre
945 2371 1160 2410 Friderico
1193 2375 1234 2410 et
1257 2369 1385 2409 fratre
1409 2370 1560 2409 Ottone
1594 2370 1646 2409 de
1680 2370 1769 2409 Lae
1802 2370 1958 2409 ordinis

123 2438 290 2481 fratrum
323 2444 516 2482 minorum
550 2448 592 2482 et
624 2442 716 2480 aliis
749 2452 866 2492 quam
900 2439 1084 2490 pluribus
1117 2442 1196 2477 tam
1230 2439 1394 2477 clericis
1427 2450 1546 2490 quam
1579 2438 1710 2477 laicis.

427 2524 481 2556 Ex
504 2523 697 2565 originali
720 2531 792 2555 cum
815 2522 921 2564 sigillo
946 2522 1063 2563 optime
1087 2522 1282 2552 conservato
1306 2521 1336 2551 in
1359 2519 1494 2551 archivo
1518 2517 1701 2560 ejusdem
1724 2520 1921 2551 monasterii.
