2155 2928
1095 140 1203 180 404

231 287 447 327 dicebatur
490 286 641 325 emisse
688 295 712 323 a
746 280 919 334 Gemite,
960 289 1126 331 quorum
1164 277 1423 317 medietatem
1471 276 1512 316 in
1553 276 1727 328 quadam
1773 279 2062 330 compositione

229 355 413 394 ecclesia
445 353 673 404 requisiuit.
707 355 748 390 et
774 352 864 400 ipsa
888 347 1088 387 medietas
1112 350 1192 385 tam
1218 346 1401 385 ecclesie
1428 356 1546 396 quam
1573 344 1718 386 Comiti
1742 351 1808 385 est
1830 350 2061 390 communis.

231 422 434 473 Quicquid
476 426 611 460 autem
654 417 891 469 prouenerit
935 415 1121 453 utilitatis
1171 415 1212 452 in
1261 413 1380 451 melle
1430 424 1504 462 per
1550 416 1673 451 totum
1719 415 1942 466 circuitum,
1982 419 2061 463 tam

230 491 414 529 ecclesie
447 500 563 540 quam
597 486 779 536 Comitis,
822 484 928 521 inter
961 483 1198 531 episcopum
1232 484 1273 519 et
1306 479 1503 521 Comitem
1538 480 1742 530 equaliter
1774 481 1990 521 diuidetur.
2021 488 2063 524 et

229 557 413 596 similiter
444 558 479 594 si
511 556 690 594 mineras
723 552 811 590 auri
836 550 904 588 vel
928 549 1113 602 argenti,
1137 552 1208 586 aut
1231 548 1451 586 cuiuslibet
1475 548 1625 586 metalli
1651 549 1742 586 siue
1765 549 1867 587 salis
1892 549 2064 590 inueniri

230 624 461 676 continget.
523 622 637 662 Situs
684 630 785 658 uero
833 621 875 656 et
919 617 1076 655 vtilitas
1123 619 1237 654 terre
1285 616 1423 654 taliter
1470 615 1689 654 diuidetur.
1753 614 1956 667 Quicquid
2002 621 2066 658 est

230 702 383 730 versus
414 689 654 729 stlorauz‘am
687 684 856 726 Comitis
889 688 955 723 est
986 684 1128 722 solius.
1161 683 1237 721 sed
1271 687 1337 722 est
1368 681 1531 721 feodum
1564 683 1616 721 ab
1645 683 1840 723 ecclesia.
1875 684 2064 736 quicquid

229 762 363 797 autem
402 767 551 795 uersus
592 754 817 792 Poloniom
856 756 934 804 est7
983 751 1033 790 ad
1076 751 1388 790 olomucensem
1437 751 1674 800 episcopum
1723 751 1844 800 plene
1890 755 2064 801 spectat.

229 830 368 876 preter
401 824 522 874 bona7
556 833 635 872 que
669 821 836 859 obtenta
869 823 964 858 sunt
997 831 1021 857 a
1048 818 1232 869 predicto
1264 818 1404 871 Petro,
1437 822 1478 856 et
1500 822 1643 868 preter
1668 818 1812 857 siluam
1840 819 1880 857 in
1908 820 2063 858 Pazle-

229 903 339 930 cowe
377 901 456 941 que
496 890 664 928 obtenta
706 892 772 926 est
812 898 887 937 per
926 887 1115 925 iudicium
1152 898 1176 924 a
1211 885 1411 924 Bludone.
1452 886 1493 924 in
1534 886 1681 937 quibus
1723 889 1765 924 et
1797 888 1993 937 episcopo
2024 890 2065 927 et

229 957 373 999 Comiti
413 957 547 996 adhuc
580 956 734 994 Vtilitas
773 959 838 994 est
870 955 1104 993 communis.
1167 953 1275 993 Sunt
1316 957 1449 992 autem
1490 953 1570 992 hee
1610 953 1708 992 ville
1743 954 1819 992 iam
1851 953 1986 993 locate
2025 954 2065 994 in

228 1026 399 1064 circuitu
440 1035 557 1074 quem
599 1035 671 1073 pro
704 1034 754 1062 se
787 1023 913 1061 habet
945 1023 1181 1072 episcopus.
1248 1020 1357 1059 Villa
1397 1020 1450 1059 de
1482 1020 1629 1061 Stat-iz
1669 1032 1757 1059 cum
1796 1022 2067 1074 septuaginta

228 1094 372 1132 laneis.
434 1092 545 1130 Villa
586 1090 766 1129 sorensis
809 1090 860 1128 de
900 1089 1164 1128 F'rz'deberck
1203 1100 1294 1127 cum
1336 1088 1617 1141 quadraginta
1656 1088 1803 1126 laneis.
1866 1089 1977 1127 Villa
2015 1088 2066 1128 de

228 1162 434 1200 Zwenser
467 1171 555 1197 cum
588 1159 870 1212 quadraginta
903 1158 1048 1196 laneis.
1097 1158 1198 1196 Item
1231 1157 1417 1195 dominus
1451 1160 1594 1194 noster
1618 1156 1717 1194 Rex
1750 1168 1823 1207 pro
1855 1156 2065 1196 laboribus

227 1232 269 1266 et
301 1229 491 1266 seruiciis
525 1238 604 1277 que
637 1225 879 1277 frequenter
912 1225 1168 1275 inpendimus
1209 1225 1284 1275 ipsi
1327 1223 1439 1261 dedit
1480 1227 1520 1262 et
1552 1223 1723 1263 contulit
1756 1225 1795 1262 in
1830 1230 2065 1274 perpetuum

230 1295 347 1334 nobis
395 1298 436 1333 ct
477 1295 659 1332 ecclesie
707 1299 869 1346 nostre7
918 1304 1030 1332 mere
1072 1292 1330 1330 liberalitatis
1373 1290 1522 1329 affectu
1571 1291 1758 1340 oppidum
1805 1290 1975 1330 forense
2015 1291 2066 1331 de

228 1363 402 1413 Hullyn.
446 1362 566 1401 villas
599 1361 651 1399 de
684 1362 924 1400 Praweziz.
966 1360 1017 1399 de
1049 1358 1325 1409 ,ildendorplz
1367 1362 1408 1397 et
1447 1359 1499 1396 de
1530 1359 1719 1397 Nem-ziz.
1761 1370 1849 1398 cum
1883 1359 2065 1398 omnibus

226 1430 383 1469 iuribus
422 1432 464 1468 et
502 1430 737 1468 attinenciis
771 1429 871 1481 suis7
911 1431 1033 1478 prout
1071 1429 1111 1466 in
1153 1427 1374 1480 priuilegio
1414 1437 1543 1476 super
1583 1426 1809 1465 huiusmodi
1850 1426 2066 1466 donatione

226 1496 414 1537 confecto
448 1498 608 1547 plenius
640 1497 886 1535 continetur.
949 1495 1079 1534 Dedit
1110 1496 1239 1534 eciam
1280 1494 1333 1533 ad
1366 1495 1601 1545 petitionem
1635 1498 1814 1533 nostram
1848 1494 1983 1533 villam
2015 1493 2065 1534 de

226 1567 398 1606 Lex-ziz
437 1565 488 1604 ad
523 1566 822 1615 preposituram
862 1563 915 1603 de
949 1563 1180 1604 Cremeser.
1242 1562 1343 1601 Item
1386 1563 1553 1601 emimus
1593 1562 1701 1611 apud
1743 1562 1946 1600 W'iscowe
1987 1561 2064 1601 duo

226 1633 456 1673 molendina
497 1637 538 1672 et
579 1636 737 1683 septem
779 1632 923 1670 laneos
970 1643 994 1669 a
1036 1631 1195 1670 domina
1236 1630 1455 1668 lerozlaua
1501 1628 1580 1667 filia
1619 1629 1778 1669 Sbizlai
1826 1629 1878 1668 de
1917 1630 2065 1669 Moriz.

226 1701 430 1739 Preterea
463 1702 629 1739 emimus
663 1700 853 1738 vndecim
886 1699 1030 1737 laneos
1063 1702 1160 1747 aput
1200 1698 1403 1736 W'z‘scowe
1436 1698 1475 1737 in
1507 1697 1605 1735 villa
1639 1697 1690 1735 de
1724 1697 1928 1736 Brennan
1958 1696 2065 1747 apud

226 1767 424 1808 Razlaum
457 1769 602 1807 laicum
635 1768 686 1806 de
710 1767 864 1807 Sciziz.
898 1766 949 1805 ad
976 1778 1143 1817 quorum
1168 1765 1410 1804 solutionem
1442 1765 1702 1804 vendidimus
1727 1769 1902 1815 quatuor
1923 1754 2081 1804 laneos

228 1839 269 1875 et
308 1836 527 1886 pomerium
568 1837 608 1874 in
647 1835 741 1873 uilla
783 1835 834 1873 de
875 1834 1147 1884 sllyzlaywiz.
1210 1832 1431 1871 Herbordo
1475 1833 1686 1882 preposito
1726 1835 1768 1870 et
1805 1832 2066 1883 prepositure

228 1903 495 1943 olomucensi
527 1904 566 1942 in
601 1906 852 1952 perpetuum.
917 1902 1095 1940 Emimus
1139 1901 1267 1939 eciam
1309 1900 1509 1939 tredecim
1549 1899 1695 1938 laneos
1734 1899 1842 1949 apud
1876 1897 2065 1938 Plano-ek

231 1971 271 2009 in
305 1971 399 2009 villa
435 1971 485 2010 de
511 1969 811 2020 Iv'l'illemslayh.
844 1969 951 2019 apud
987 1969 1160 2007 nobilem
1193 1968 1339 2006 dictum
1367 1968 1556 2007 Mucare.
1595 1967 1695 2006 Item
1721 1967 1827 2017 apud
1850 1965 2064 2006 Molzelniz

228 2039 394 2077 emimus
442 2042 594 2081 terram
643 2038 696 2077 ad
745 2042 833 2076 tres
881 2040 1075 2076 araturas
1121 2036 1227 2086 apud
1275 2035 1440 2073 Petrum
1491 2034 1542 2073 de
1584 2034 1749 2074 Lossiz.
1811 2034 2063 2073 'l'heloneum

226 2107 354 2143 eciam
411 2106 462 2144 de
517 2107 721 2145 Iv'isoowe
775 2108 813 2143 el
861 2105 998 2155 ipsum
1046 2103 1242 2155 oppidum
1291 2103 1487 2161 forense,
1545 2102 1652 2152 quod
1706 2105 1804 2140 ante
1859 2101 2061 2140 introitum

226 2177 403 2211 nostrum
438 2173 613 2212 ablatum
657 2172 729 2212 suit
761 2173 943 2212 ecclesie
977 2175 1118 2210 nostre
1151 2171 1343 2209 seruiciis
1376 2170 1530 2208 nostris
1564 2169 1917 2221 recuperauimus,
1956 2166 2061 2218 apud

225 2239 420 2279 dominum
454 2245 633 2280 nostrum
667 2242 873 2279 seniorem
906 2240 1088 2293 Regem,
1130 2236 1195 2277 filii
1239 2240 1302 2277 sui
1342 2249 1449 2276 nunc
1490 2237 1636 2279 domini
1672 2238 1799 2277 nostri
1833 2236 2061 2275 accedente

226 2317 444 2346 consensu.
480 2308 680 2355 Quantum
702 2309 830 2347 eciam
852 2318 927 2358 per
944 2307 1182 2346 industriam
1203 2309 1243 2344 et
1260 2305 1668 2355 circumspectionem
1689 2308 1869 2343 nostram
1888 2305 1928 2343 in
1947 2304 2061 2342 loca-

225 2374 400 2412 tionibus
425 2380 465 2413 et
484 2376 826 2426 extirpationibus
850 2376 962 2413 circa
981 2373 1241 2417 Ges-tuboriz.
1257 2372 1508 2413 Suitauiam.
1525 2372 1740 2411 Molzelniz
1763 2375 1801 2410 et
1819 2371 2059 2411 Gzlrauiam

228 2443 264 2476 el
286 2442 323 2478 ἱη
350 2442 542 2480 hincinde
570 2444 803 2481 nccreuerit
837 2443 1018 2481 ecclesie
1056 2446 1197 2481 nostre
1224 2442 1344 2492 plene
1377 2451 1428 2479 ac
1465 2440 1616 2491 liquido
1643 2439 1869 2480 canonicis
1909 2438 2058 2477 nostris

228 2512 399 2547 constat.
438 2514 479 2548 et
518 2510 595 2549 hec
628 2510 850 2564 sufficiant⁷
892 2521 970 2562 quo
1007 2509 1059 2550 ad
1094 2520 1145 2549 ea
1179 2520 1258 2561 que
1293 2509 1448 2548 nostris
1481 2507 1732 2559 temporibus
1772 2506 2057 2546 accreuerunt.
