2155 2928
926 146 1028 187 295

876 285 951 329 CC
957 286 1072 327 0111.

55 389 171 430 Idem
216 386 349 427 abbati
394 389 433 425 et
471 389 688 427 conventui
738 387 1055 427 Weleliradensi
1099 387 1304 439 indulyet,
1345 390 1391 426 ut
1427 388 1470 427 in
1503 388 1747 439 civilatibus,
1779 392 1892 430 villis

59 460 97 497 el
125 456 310 496 domibus
342 456 433 493 suis
466 455 590 494 liceat
618 457 679 494 eis
711 456 853 494 diviua
885 456 1027 507 officia
1060 455 1281 494 celebrare.
1327 457 1485 495 Datum
1515 457 1735 507 Laterani,
1768 458 1892 497 XIX.

634 523 856 562 Kalendas
888 523 1127 574 Februarii,
1167 523 1316 562 1261.

198 613 469 674 Alexander
501 633 724 682 episcopus
757 644 907 672 seruus
940 644 1154 672 seruorum
1188 632 1266 671 dei.
1328 633 1504 671 Dilectis
1545 631 1633 671 filiis
1667 661 1676 671 .
1709 661 1720 671 .
1752 633 1892 672 abbati

58 704 100 742 et
138 701 356 740 conuentui
403 701 641 739 monasterii
693 701 744 739 de
790 702 1016 752 Weleyrad
1054 700 1350 742 cisterciensis
1389 700 1567 753 ordinis7
1607 700 1893 740 Olomucensis

57 769 237 808 diocesis
269 768 441 807 salutem
469 772 510 807 et
542 769 810 818 apostolicam
839 770 1187 808 benediccionem.
1241 768 1496 807 Deuocionis
1530 773 1672 807 vestre
1696 769 1893 818 precibus

57 837 236 876 inclinati
269 837 516 875 auctoritate
548 836 670 874 vobis
710 838 968 886 presencium
1008 837 1286 889 indulgemus,
1327 839 1371 874 vt
1410 836 1448 874 in
1491 836 1738 889 ciuitatibus,
1772 837 1894 889 villis,

57 904 255 958 grangiis
288 908 329 942 et
361 903 546 942 domibus
578 904 733 942 vestris
766 904 889 942 liceat
923 904 1041 943 vobis
1074 904 1211 942 diuina
1244 901 1375 941 officia
1415 903 1634 942 celebrare
1669 905 1760 942 siue
1794 904 1894 942 iuris

19 969 25 972 ’
58 971 281 1023 preiudicio
313 971 450 1010 alieni.
502 971 611 1010 Nulli
645 982 754 1024 ergo
788 972 948 1010 omnino
982 972 1180 1010 hominum
1214 971 1349 1023 liceat7
1383 971 1489 1009 hauc
1522 971 1718 1023 paginam
1751 975 1894 1010 nostre

60 1039 344 1078 concessionis
377 1037 633 1091 infringere,
676 1038 744 1077 vel
783 1040 822 1077 ei
854 1051 958 1077 ausu
1000 1040 1219 1078 temerario
1260 1039 1481 1077 contraire.
1544 1039 1591 1078 Si
1630 1040 1722 1089 quis
1761 1043 1895 1077 autem

58 1106 135 1145 hoc
167 1110 410 1156 attemptare
443 1107 761 1159 presumpserit,
803 1107 1129 1159 indignationem
1171 1107 1455 1156 omnipotentis
1496 1106 1561 1144 dei
1604 1110 1644 1145 et
1683 1106 1895 1144 beatorum

43 1174 172 1213 Petri
213 1177 254 1213 et
285 1174 404 1212 Pauli
443 1173 719 1224 apostolorum
762 1175 852 1212 eius
890 1185 938 1212 se
980 1175 1142 1212 nouerit
1181 1175 1448 1212 incursurum.
1515 1173 1662 1212 Datum
1692 1172 1896 1213 Laterani

62 1241 182 1282 XIX.
214 1241 430 1281 Kalendas
462 1241 695 1280 Februarii.
727 1240 995 1281 Pontificatus
1027 1242 1156 1280 nostri
1190 1253 1297 1280 auno
1330 1241 1513 1291 septimo,

362 1338 392 1370 E
417 1338 563 1371 codice
587 1338 909 1370 Welebradensi
933 1339 986 1371 sol.
1012 1337 1099 1370 113.

875 1500 1070 1543 CCCIV.

58 1602 227 1654 Bruno,
270 1603 491 1655 episcopus
532 1603 844 1654 olomucensis,
890 1604 1068 1656 praedict
1107 1605 1358 1642 monasterio
1406 1602 1587 1643 Sar-ensa·
1633 1603 1783 1642 collata
1820 1615 1897 1654 per

59 1672 335 1710 testamentum
371 1670 590 1711 Boekonis
631 1672 873 1710 auctoritate
914 1671 1163 1710 dioecesana
1209 1672 1435 1721 confirmat.
1498 1671 1570 1710 Dt.
1609 1671 1653 1709 in
1691 1670 1897 1721 Medi-ice,

590 1739 661 1779 VI.
694 1739 916 1778 Kalendas
948 1739 1190 1789 Februarii,
1230 1738 1378 1776 1261.

201 1829 364 1888 Bruuo
398 1848 463 1887 dei
488 1849 639 1901 gracia
672 1849 907 1899 Episcopus
934 1848 1219 1888 olomucensis
1252 1847 1425 1886 Dilectis
1458 1847 1497 1885 in
1530 1846 1685 1884 christo
1710 1846 1896 1885 Henrico

58 1913 210 1954 Abbati
242 1920 284 1955 et
316 1913 550 1955 Conuentui
582 1917 833 1955 Monasterii
873 1917 913 1954 iu
947 1915 1091 1956 Saalir
1131 1913 1429 1955 Cistercieusis
1470 1913 1624 1953 ordinis
1657 1914 1897 1966 pragensis

59 1981 239 2022 diocesis
270 1983 454 2023 Salutem
487 1988 529 2023 et
560 1985 766 2023 sinceram
800 1985 839 2022 in
872 1984 1046 2022 Domino
1080 1983 1335 2021 charitatem.
1390 1980 1492 2021 Cum
1524 1993 1548 2019 a
1581 1981 1699 2020 nobis
1734 1982 1897 2031 petitur,

60 2050 164 2101 quod
196 2051 341 2090 iustum
364 2055 430 2090 est
462 2056 502 2090 et
526 2051 754 2104 honestum7
788 2056 866 2090 tam
894 2052 1021 2105 vigor
1054 2051 1246 2101 equitatis
1273 2060 1391 2100 quam
1425 2049 1525 2087 ordo
1554 2049 1691 2101 exigit
1714 2048 1897 2087 racionis

58 2120 102 2156 ut
130 2107 276 2169 id'per
309 2117 440 2158 Officii
473 2121 603 2158 nostri
635 2118 958 2160 Sollicitudinem
991 2118 1041 2157 ad
1071 2117 1255 2157 effectum
1289 2117 1466 2155 debitum
1491 2116 1754 2167 perducatur.
1795 2113 1897 2155 Cum

59 2184 187 2238 igitur
217 2187 324 2225 sicut
363 2191 508 2226 vestra
541 2187 661 2226 nobis
701 2187 885 2226 exhibita
921 2187 1068 2236 peticio
1110 2185 1347 2224 continebat
1378 2184 1538 2223 Nobilis
1569 2184 1636 2224 vir
1667 2184 1776 2222 boue
1807 2193 1896 2221 me-

59 2253 184 2292 morie
224 2253 407 2293 domiuus
450 2254 600 2294 Bozlco
641 2255 739 2293 olim
773 2254 1037 2294 castellanus
1069 2254 1112 2292 in
1145 2252 1337 2292 Znolzem
1377 2256 1519 2291 nostre
1559 2252 1756 2290 Diocesis
1789 2251 1898 2301 pium

61 2329 168 2373 erga
202 2333 278 2360 vos
318 2326 359 2361 et
392 2323 682 2361 monasterium
722 2326 904 2361 vestrum
937 2321 1176 2360 deuocionis
1209 2321 1338 2359 zelum
1372 2331 1534 2373 gerens
1570 2320 1689 2358 villas
1723 2323 1764 2358 et
1796 2331 1896 2369 pos-

60 2388 273 2427 sessiones
305 2389 409 2428 alias
449 2391 488 2428 in
522 2394 664 2428 nostra
705 2389 863 2428 diocesi
898 2389 1017 2427 vobis
1051 2399 1101 2427 ac
1134 2388 1394 2427 Monasterio
1427 2392 1569 2427 vestro
1603 2388 1643 2426 in
1676 2387 1897 2425 remedium

61 2455 190 2494 anime
222 2467 297 2494 sue
330 2458 396 2507 pia
429 2458 677 2496 liberalitate
710 2468 799 2496 cum
832 2457 936 2495 omni
969 2457 1057 2494 iure
1090 2467 1140 2494 ac
1173 2456 1406 2494 attinenciis
1445 2456 1531 2494 suis
1565 2454 1897 2506 quemadmodum

60 2519 149 2572 ipse
180 2524 422 2573 possedisse
462 2525 725 2579 dignoscitur
756 2524 974 2563 contulerit
1013 2527 1212 2575 perpetuo
1245 2523 1535 2577 poss1dendas7
1576 2534 1679 2574 quas
1718 2524 1896 2574 propriis
