2155 2928
855 157 1018 220 .—¹S
1026 158 1150 217 L-

85 299 174 337 iure
213 299 423 348 pertinere
470 298 627 337 debere
666 297 931 348 presentibus
982 300 1257 348 protestamur
1301 299 1443 347 vtpote
1485 297 1592 347 quod
1635 298 1674 336 in
1721 300 1915 352 generali

85 365 285 416 colloquio
320 370 360 405 et
392 367 432 404 in
465 366 627 416 publico
660 365 808 404 iudicio
842 376 977 404 coram
1012 363 1286 403 beneficiariis
1319 365 1471 403 nostris
1512 365 1739 404 Pardussio
1774 379 1914 405 caine-

84 434 194 471 rario
226 433 342 472 Ydik
374 434 601 472 castellano
640 433 824 472 Iohanne
857 433 992 472 iudice
1033 433 1249 471 Hinczone
1283 431 1441 470 officiali
1475 433 1717 482 prouinciali
1752 438 1793 472 et
1824 435 1915 472 aliis

84 499 361 539 beneficiariis
386 500 726 540 Olomucensibus
758 500 932 538 euictum
964 501 1096 538 extitit
1118 504 1159 539 et
1187 500 1406 539 obtentum.
1439 503 1481 539 et
1513 500 1763 550 postmodum
1796 503 1915 550 paci-

84 565 160 606 fice
193 568 245 606 ab
271 569 452 606 ecclesia
486 567 744 607 Olomucensi
774 578 1012 618 possessum
1039 571 1159 618 prout
1185 567 1345 619 quidam
1378 578 1433 606 ex
1456 567 1613 606 eisdem
1637 566 1914 607 beneficiariis

84 635 204 673 nobis
237 639 432 674 oretenus
457 635 696 673 retulerunt.
743 635 810 674 Ne
841 635 972 688 igitur
997 645 1123 684 super
1155 635 1233 674 hiis
1260 635 1301 673 in
1331 638 1538 685 posterum
1562 635 1699 686 aliqua
1723 635 1915 675 dubietas

84 702 240 740 oriatur
272 706 313 740 et
339 713 391 740 ne
425 703 737 752 presumpcione
760 702 901 740 seruili
933 703 973 740 in
998 702 1184 752 predicto
1209 706 1325 752 prato
1354 702 1666 742 olomucensem
1692 703 1916 742 ecclesiam

82 769 234 807 audeat
272 769 418 820 aliquis
466 769 697 819 inquietare
736 769 804 807 uel
849 770 891 808 in
938 769 1167 809 huiusmodi
1214 768 1387 820 pacifica
1434 771 1704 820 possessione
1743 771 1916 809 turbare

83 840 318 886 presentem
350 837 546 888 paginam
578 836 809 888 sigillorum
849 840 1079 875 nostrorum
1112 842 1331 876 caractere
1373 837 1425 876 ad
1457 841 1694 888 perpetuam
1733 839 1795 877 rei
1827 850 1916 877 me-

83 903 247 942 moriam
278 901 535 941 firmauimus.
582 903 717 942 Huius
750 904 812 941 rei
843 907 975 942 testes
1007 907 1102 942 sunt
1134 905 1389 943 venerabilis
1422 908 1542 954 pater
1572 906 1713 943 Bruno
1747 905 1916 945 Olomu-

85 970 223 1008 censis
256 970 477 1020 episcopus
509 970 708 1008 Nicolaus
740 972 976 1020 prepositus
1008 972 1323 1010 Bai-tholomeus
1350 972 1668 1011 archidiaconus
1701 973 1917 1026 Magister

84 1036 294 1075 Iohannes
333 1037 652 1075 archidiaconus
691 1036 984 1076 Prerouiensis
1030 1038 1171 1078 Simon
1215 1038 1453 1093 Gregorius
1498 1040 1678 1078 Iacobus
1723 1041 1917 1079 Aliexius

83 1104 182 1142 Item
215 1104 347 1142 iunior
380 1104 571 1142 Allexius
599 1105 788 1142 canonici
822 1104 1133 1144 olumucenses.
1180 1104 1277 1145 Item
1311 1108 1502 1145 Barones
1529 1108 1656 1146 nostri
1690 1108 1918 1147 Hartlebus

85 1181 172 1209 cum
203 1169 332 1210 fratre
363 1172 545 1210 lanzone
577 1172 787 1210 Nezamisl
813 1183 900 1210 cum
934 1171 1063 1211 fratre
1089 1173 1302 1212 Ratiborio
1338 1174 1510 1213 Beneda
1535 1175 1750 1227 Magister
1783 1187 1918 1214 vena-

83 1241 211 1277 torum
252 1239 448 1277 Dominus
487 1238 682 1278 Andreas
720 1240 873 1278 Kavca
908 1241 1082 1279 Ratibor
1122 1241 1173 1279 de
1213 1242 1455 1291 Byelcowiz
1495 1253 1584 1280 cum
1616 1240 1746 1281 fratre
1786 1243 1918 1281 Two-

83 1306 218 1344 rimiro
252 1306 445 1344 XVsebor
478 1317 567 1344 cum
599 1305 728 1345 fratre
754 1307 938 1346 Hrabisa
972 1306 1038 1346 filii
1064 1308 1178 1346 Ydik
1209 1309 1418 1347 Martinco
1452 1309 1503 1347 de
1530 1310 1680 1348 Pricaz
1709 1309 1918 1349 Sulizlaus

87 1372 138 1411 de
168 1373 368 1423 Zabryeh
409 1378 450 1411 et
482 1374 550 1411 alii
590 1385 707 1424 quam
741 1375 895 1423 plures.
958 1375 1110 1415 Datum
1150 1377 1190 1414 in
1222 1377 1362 1415 Bruna
1404 1378 1443 1415 in
1485 1377 1687 1427 colloquio
1721 1379 1919 1431 generali

82 1440 204 1479 Anno
238 1440 383 1479 domini
417 1440 637 1480 Millesimo
680 1439 768 1482 CC.
802 1441 896 1481 LV.
929 1453 1005 1493 per
1037 1454 1180 1482 manus
1214 1444 1306 1482 aule
1339 1447 1482 1483 nostre
1516 1445 1766 1484 notariorum
1798 1446 1918 1484 Wil-

85 1506 203 1546 helmi
236 1511 278 1546 et
307 1507 495 1547 Arnoldi.

387 1637 441 1669 Ex
465 1637 702 1678 apographo
724 1638 757 1669 in
780 1638 925 1670 codice
947 1638 1206 1672 olomucensi
1229 1641 1272 1672 11.
1290 1640 1344 1672 fol.
1363 1640 1438 1683 71„
1457 1642 1488 1672 iu
1501 1640 1588 1683 quod
1604 1642 1728 1674 incuria
1746 1642 1918 1684 scrIptoris

492 1697 593 1721 annus
619 1687 734 1722 1255.
757 1698 816 1733 pro
841 1688 957 1721 1254.
980 1691 1123 1735 irrepsit.
1514 1685 1516 1687 ¹

924 1872 998 1914 CC
1006 1874 1079 1914 Vl.

82 1989 402 2029 lustramentum
449 1991 568 2041 pacis
616 1993 654 2029 et
698 1990 948 2029 concordiae
994 1992 1098 2030 inter
1152 1992 1382 2032 Otaltarum
1429 1994 1652 2046 Boiimz'ae,
1693 1997 1732 2034 et
1766 1995 1918 2034 Belam

86 2056 298 2106 Unyariae
334 2069 456 2107 reyes
491 2070 568 2108 per
609 2057 788 2096 arbitros
833 2058 1038 2097 ordinata.
1100 2061 1249 2099 Actum
1293 2060 1409 2112 apud
1451 2061 1633 2113 Budam,
1677 2063 1790 2114 seria
1845 2063 1916 2102 VI.

711 2128 804 2163 ante
834 2126 1099 2176 Palmmum,
1138 2125 1288 2166 1254.

219 2224 331 2285 Nos
355 2244 403 2282 Β.
430 2245 692 2283 miseratione
721 2244 872 2284 diuina.
918 2246 1275 2297 Archiepiscopus
1310 2245 1571 2303 colocensis,
1597 2250 1705 2289 Aule
1738 2251 1916 2291 Illustris

81 2310 203 2362 regis
240 2311 465 2363 Hungarie
508 2309 810 2351 cancellarius.
879 2313 1093 2352 Rolandus
1132 2326 1271 2354 comes
1310 2316 1514 2366 palatinus
1556 2323 1598 2356 et
1637 2320 1914 2368 posoniensis.

81 2376 322 2426 Stephanus
371 2377 454 2416 dux
499 2379 622 2418 totius
669 2379 907 2419 SclauonIe.
981 2379 1100 2420 Chak
1153 2394 1329 2421 summus
1383 2386 1638 2424 camerarius
1688 2390 1729 2425 et
1774 2398 1913 2426 comes

80 2442 380 2493 Superniensis
422 2445 694 2485 arbitrator-es
733 2446 879 2486 domini
910 2449 1077 2499 B.[ele]
1109 2450 1244 2489 Incliti
1276 2451 1417 2505 Regis
1456 2452 1664 2505 Vngarie.
1734 2452 1913 2507 Signifi-

82 2521 222 2550 camus
261 2511 484 2552 Vniuersis
523 2516 774 2565 presentium
813 2526 889 2566 per
926 2518 1131 2571 tenorem,
1180 2518 1287 2569 quod
1326 2530 1416 2558 cum
1462 2530 1518 2560 ex
1564 2523 1682 2571 parte
1736 2521 1912 2572 predicti
