2155 2928
1118 142 1222 182 350

248 292 355 330 bona
381 290 523 329 eadem
547 291 796 338 comparata.
844 287 942 325 Item
976 285 1015 322 in
1041 283 1370 335 recognitionem
1402 281 1598 320 bonorum
1622 292 1703 332 que
1733 281 1806 320 tibi
1829 282 2082 339 contulimus,

248 359 541 409 episcopalium
565 358 737 406 scilicet,
758 355 873 393 dabis
897 352 1015 391 annis
1040 350 1221 402 singulis
1248 360 1477 387 mensuram
1504 361 1624 387 vnam
1649 350 1784 398 tritici,
1811 351 2082 392 continentem

247 427 418 466 modium
452 438 571 464 vnum
606 424 894 473 Opauiensem.
929 419 981 457 de
1014 430 1156 456 manso
1189 418 1280 455 siue
1314 417 1365 455 (le
1399 417 1519 455 laneo
1547 416 1742 469 quolibet,
1775 421 1818 456 et
1848 417 1900 456 de
1932 420 2082 459 mansis

250 494 460 533 dumtaxat
500 491 776 531 censualibus.
817 489 867 526 de
907 486 1055 526 allodio
1096 490 1176 523 tuo.
1217 484 1269 522 de
1309 484 1555 523 zluhonibus
1593 489 1634 524 et
1674 485 1726 523 de
1765 496 1907 524 manso
1940 485 2083 527 iudicis

248 562 370 600 nichil
405 562 534 599 dabis.
569 559 643 597 sed
677 558 728 596 de
761 556 879 593 bonis
913 554 1056 604 emptis
1088 557 1131 591 ut
1163 552 1215 590 ab
1256 552 1348 590 aliis
1381 552 1562 591 discerni
1605 553 1765 602 possint
1797 552 1941 591 melius
1971 554 2083 593 simi-

249 630 340 667 liter
374 629 493 667 nichil
528 627 657 665 dabis.
712 625 815 662 Nam
850 623 955 659 bona
990 620 1243 670 episcopalia
1277 631 1358 670 que
1391 620 1461 658 tibi
1494 620 1643 658 collata
1676 623 1785 673 sunt,
1818 620 1870 659 ad
1904 620 2082 661 heredes

247 702 339 735 tuos
372 701 521 734 tantum
563 692 662 731 lilios
701 689 1020 741 transferentur,
1060 694 1102 726 et
1142 700 1354 738 numquam
1387 688 1439 726 ad
1483 686 1599 726 filias.
1639 687 1714 727 sed
1755 689 1944 738 empticia
1978 688 2082 729 bona

247 768 325 802 tam
360 764 409 801 ad
445 761 544 800 {ilias
578 772 694 810 quam
728 759 777 797 ad
813 756 914 795 filios
947 754 1264 794 transferentur.
1305 756 1372 794 De
1406 755 1602 806 predictis
1636 756 1754 794 bonis
1788 756 1973 794 omnibus
2004 763 2081 796 tam

247 831 389 879 emptis
423 840 538 878 quam
572 827 731 864 collatis
764 825 835 863 tibi
869 824 921 862 ab
956 824 1138 862 ecclesia
1172 824 1210 861 in
1244 823 1322 861 hiis
1348 824 1495 873 quibus
1528 827 1716 862 tenemur
1749 823 1908 862 domino
1942 827 2081 864 nostro

246 898 360 948 Regi
394 896 443 933 ad
470 895 634 932 honoris
668 894 730 930 sui
757 899 797 930 et
830 896 943 930 terre
965 902 1041 929 sue
1075 888 1372 943 defensionem,
1406 894 1447 929 et
1478 892 1519 929 in
1551 892 1730 941 propriis
1764 891 2082 931 necessitatibus

245 964 411 1013 nostris7
444 972 731 999 successorum
773 964 1004 997 nostrorum
1038 962 1080 997 et
1111 959 1294 997 ecclesie
1337 962 1480 997 nostre
1512 959 1695 997 seruicia
1733 957 1866 997 facies
1899 958 2083 999 militaria

244 1031 282 1068 in
317 1030 438 1068 armis
477 1029 684 1079 videlicet7
718 1027 1048 1078 quandocunque
1088 1039 1113 1065 a
1146 1026 1266 1065 nobis
1307 1026 1375 1065 vel
1408 1028 1562 1065 nostris
1603 1026 1923 1066 successoribus
1955 1024 2082 1066 fueris

242 1100 477 1148 requisitus.
511 1104 552 1135 et
581 1097 760 1135 heredes
793 1097 847 1134 tui
876 1096 927 1134 ad
962 1095 1105 1134 eadem
1133 1099 1174 1133 et
1206 1094 1350 1133 similia
1383 1095 1564 1133 seruicia
1589 1099 1790 1145 perpetuo
1822 1095 2083 1134 tenebuntur.

244 1165 359 1214 Quod
394 1170 526 1203 autem
567 1166 698 1202 omnia
733 1165 932 1214 premissa
972 1167 1050 1201 tam
1085 1163 1219 1215 nobis,
1259 1163 1580 1201 successoribus
1614 1164 1782 1214 nostriS‚
1823 1167 1865 1202 et
1903 1162 2083 1202 ecclesie

244 1238 399 1285 nostre7
433 1244 552 1283 quam
578 1233 706 1270 eciam
732 1232 803 1270 tibi
832 1235 873 1270 et
898 1231 1124 1269 heredibus
1154 1232 1234 1269 tuis
1264 1235 1354 1269 rata
1376 1238 1600 1270 seruentur
1624 1234 1666 1269 et
1690 1231 1869 1284 stabilia,
1894 1241 2082 1280 semper-

244 1311 322 1352 que
355 1304 543 1338 maneant
584 1299 841 1351 inconuulsa⁷
882 1309 961 1338 nec
1000 1299 1120 1337 ullius
1159 1300 1355 1349 temporis
1395 1310 1474 1338 euo
1515 1299 1777 1350 aliquatenus
1817 1299 2083 1338 immutentur.

243 1368 315 1407 sed
358 1372 596 1418 perpetuum
636 1367 968 1406 irreuocabiliter
1008 1368 1235 1405 sortiantur
1274 1365 1476 1420 effectum,
1517 1371 1753 1417 presentem
1791 1368 1990 1420 pagiuam
2030 1365 2081 1406 ad

243 1437 302 1475 rei
351 1436 578 1474 memoriam
626 1437 915 1485 sempiternam
957 1435 1052 1473 inde
1101 1433 1332 1474 confectam
1371 1439 1413 1473 et
1459 1437 1736 1485 conscriptam
1775 1435 1906 1488 sigilli
1955 1433 2081 1473 nostri

242 1504 430 1542 iussimus
471 1505 684 1541 munimine
726 1504 928 1542 roborari.
993 1503 1046 1541 Et
1087 1515 1163 1541 nos
1203 1502 1480 1542 Olomucense
1519 1503 1736 1552 capitulum
1779 1503 1957 1553 propriis
1988 1502 2082 1541 huic

242 1576 357 1609 carte
390 1571 706 1609 subscribentes
737 1571 964 1609 nominibus
999 1570 1223 1620 predictam
1249 1569 1566 1609 infeudationem
1592 1574 1633 1609 et
1659 1570 1932 1623 collationem,
1966 1569 2083 1608 nobis
2145 1581 2147 1587 ¹

243 1640 450 1689 requisitis
485 1637 629 1677 factam
663 1639 733 1677 tibi
769 1650 843 1689 per
884 1638 1166 1676 venerabilem
1200 1642 1355 1688 patrem
1390 1643 1583 1689 nostrum7
1618 1638 1816 1677 dominum
1851 1632 2082 1677 Brunonem
2144 1652 2146 1671 τ

244 1706 553 1746 Olomucensem
581 1708 844 1758 Episcopum7
870 1706 1062 1745 videntes
1092 1707 1220 1756 ipsam
1246 1706 1429 1744 ecclesie
1455 1712 1597 1744 nostre
1623 1707 1774 1758 vtilem7
1801 1706 2081 1744 necessariam
2144 1715 2145 1721 ¹

243 1778 283 1812 et
317 1775 540 1825 honestam,
583 1780 710 1813 ratam
745 1774 943 1812 habemus
984 1779 1025 1814 et
1057 1778 1221 1827 gratam
1262 1778 1303 1812 et
1335 1785 1584 1813 consensum
1626 1778 1809 1813 nostrum
1841 1774 2083 1813 vnanimiter

242 1842 491 1880 adhibemus.
556 1843 608 1881 Et
641 1843 747 1893 quod
781 1854 910 1892 super
943 1843 1021 1881 hoc
1054 1844 1184 1881 eciam
1225 1842 1359 1880 nullus
1392 1840 1540 1881 futuris
1574 1842 1828 1892 temporibus
1861 1841 2081 1881 dubietatis

243 1910 309 1947 vel
344 1910 570 1960 calumpnie
598 1912 727 1960 possit
761 1911 857 1949 oriri
882 1910 1116 1963 scrupulus7
1150 1910 1258 1948 hanc
1292 1911 1423 1949 eciam
1457 1911 1655 1963 paginam
1688 1909 1740 1948 ad
1775 1907 1988 1948 firmiorem
2021 1908 2080 1948 rei

2142 1838 2144 1877 l

2141 1889 2144 1932 J

242 1977 502 2016 stabilitatem
541 1979 668 2030 sigilli
712 1980 840 2017 nostri
888 1977 1059 2017 fecimus
1102 1979 1359 2029 appensione
1400 1979 1556 2017 muniri.
1619 1978 1720 2030 Ego
1768 1977 2081 2016 Bai-tholomeus
2141 1970 2143 1998 ³

243 2045 439 2083 decanus.
480 2047 579 2098 Ego
620 2047 866 2085 Herbordus
909 2047 1158 2097 prepositus.
1198 2047 1298 2099 Ego
1340 2046 1582 2096 Stephanus
1623 2045 1910 2085 olomucensis
1942 2044 2082 2084 archi·
2140 2035 2142 2067 ³

244 2112 453 2151 diaconus.
502 2114 601 2167 Ego
641 2114 798 2164 Symon
839 2119 993 2153 custos.
1043 2115 1144 2167 Ego
1176 2114 1388 2153 lohannes
1430 2113 1710 2152 Prerouensis
1750 2113 2080 2152 archidiaconus

242 2180 340 2231 Ego
373 2181 551 2219 Alexius
595 2183 830 2232 prepositus
872 2182 924 2220 de
956 2180 1356 2221 XVolframskirken.
1401 2182 1499 2234 Ego
1541 2179 1773 2231 Heydolfus
1805 2181 2080 2231 Znoymensis

242 2247 571 2287 archidiaconus.
612 2250 712 2302 Ego
754 2250 964 2288 Arnoldus
1006 2248 1351 2289 Cremesereusis
1391 2251 1628 2300 prepositus
1669 2255 1711 2288 et
1749 2249 2080 2288 archidiaconus,

243 2318 283 2352 et
316 2326 390 2351 nos
423 2317 552 2354 ceteri
587 2316 884 2356 Olomucenses
917 2319 1107 2356 canonici
1142 2329 1217 2368 per
1249 2330 1405 2356 manum
1431 2316 1614 2357 Conradi
1648 2318 1838 2356 canonici
1870 2320 1912 2356 et
1943 2315 2079 2356 fratris

2139 2104 2141 2132 l

2138 2180 2141 2206 l

2138 2235 2140 2270 l

2137 2305 2140 2324 ι

244 2382 386 2424 nostriq
420 2384 564 2420 notarii
607 2385 862 2423 venerabilis
897 2387 1026 2435 patris
1069 2385 1217 2424 domini
1251 2386 1381 2424 nostri
1415 2386 1625 2424 Brunonis
1658 2385 1945 2425 olomucensis
1978 2383 2079 2434 Epi·
2136 2376 2138 2403 ³

246 2449 373 2498 scopi7
415 2449 507 2486 huic
549 2455 663 2489 carte
703 2453 999 2491 subscribimus
1042 2457 1083 2491 et
1117 2453 1330 2503 premissis
1370 2453 1556 2491 omnibus
1591 2464 1664 2503 pro
1705 2453 1822 2491 nobis
1855 2455 1896 2490 et
1930 2451 2078 2490 nostris
2136 2442 2138 2486 ζ

246 2516 560 2553 successoribus
581 2521 790 2557 canonicis
805 2519 1148 2559 Oloniucensibus
1169 2521 1402 2560 voluntarie
1420 2531 1470 2559 ac
1489 2518 1774 2559 fauorabiliter
1791 2521 2077 2559 consentimus
