2155 2928
920 177 1130 238 3¹⁹-

844 384 880 428 C
885 383 919 427 C
924 384 1105 428 CXXV.

59 487 281 538 Otakarus,
321 486 513 525 dominus
552 488 673 538 reym‘
711 488 926 538 Βοέηιὶαε,
968 488 1166 527 Austriae
1206 489 1244 525 et
1280 485 1449 537 Slyriae
1488 485 1593 537 dux,
1633 489 1671 525 et
1706 487 1895 527 marchio

57 556 290 604 Μοναυὶαε,
322 555 541 606 confirmat
563 555 764 594 ecclesiae
789 555 1056 594 olomucensi
1084 555 1343 593 collationem
1363 555 1489 593 villae
1519 553 1699 603 ussislco,
1727 568 1751 593 α
1781 555 1897 606 fideli

58 634 134 662 suo
164 622 355 673 Pardus,
388 623 622 661 camerario
657 623 936 670 olomucensi,
965 623 1135 674 saelum.
1176 623 1248 660 Dc.
1282 622 1502 672 Olomuciz}
1534 622 1640 661 XII.
1673 622 1896 662 Kalendas

747 689 1016 741 Septembris,
1055 689 1208 728 1261.

227 780 286 841 In
319 799 480 838 nomine
514 799 661 838 domini
695 811 826 838 amen.
886 799 1123 839 Othakarus
1156 800 1222 851 qui
1256 803 1298 838 et
1329 799 1504 838 Premisl
1536 799 1603 839 dei
1635 801 1787 854 gracia
1820 801 1897 840 do-

59 868 188 908 minus
226 867 353 920 regni
386 867 582 906 Bohemie
625 867 708 905 dux
740 868 911 906 Austrie
945 871 986 906 et
1018 867 1161 917 Styrie
1195 871 1236 906 et
1268 867 1447 906 marchio
1471 869 1678 907 Morauie.
1718 868 1898 907 Dilectis

61 940 102 975 et
132 933 318 974 fidelibus
351 935 438 972 suis
471 963 480 972 .
515 963 524 972 .
558 934 717 973 decano
751 964 760 973 .
794 963 803 973 .
838 936 1046 985 preposito
1080 936 1233 985 totique
1267 935 1449 973 ecclesie
1482 937 1616 974 sancti
1641 936 1898 975 XVenceslai

60 1003 235 1053 capitulo
269 1007 310 1041 et
342 1014 480 1041 eorum
513 1003 833 1041 successoribus
866 1003 904 1040 in
939 1007 1190 1053 perpetuum.
1233 1002 1440 1052 Specialis
1475 1003 1716 1041 dileccionis
1750 1015 1899 1053 prero-

61 1072 206 1125 gatiua
239 1081 318 1121 qua
352 1069 667 1109 Olomucensem
700 1071 921 1109 ecclesiam
960 1071 1011 1109 ob
1046 1072 1331 1108 reuerenciam
1366 1071 1543 1123 gloriosi
1576 1071 1704 1121 ipsius
1739 1072 1901 1121 patroni

61 1139 194 1179 sancti
226 1138 479 1177 Wenceslai
512 1139 703 1188 martyris
737 1138 787 1177 de
820 1140 937 1177 cuius
970 1139 1177 1191 progenie
1217 1139 1416 1177 traximus
1449 1139 1653 1191 originem
1686 1139 1900 1189 amplecti-

61 1218 149 1246 mur
180 1217 236 1244 ex
276 1207 423 1244 intimis
458 1206 692 1245 visceribus
732 1206 920 1245 karitatis
954 1207 1125 1245 eandem
1164 1206 1372 1244 honorare
1412 1217 1575 1256 semper
1608 1210 1648 1245 et
1680 1207 1901 1245 sublimare

63 1274 252 1313 volentes
292 1273 429 1312 dilecti
472 1277 513 1312 et
554 1272 686 1312 fidelis
728 1275 854 1312 nostri
896 1274 1073 1313 Pardus
1113 1273 1399 1313 Olomucensis
1439 1275 1657 1312 camerarii
1704 1275 1900 1324 precibus

63 1342 241 1381 inclinati
277 1342 341 1392 pio
381 1340 526 1380 fauore
560 1342 747 1380 duximus
781 1342 1040 1380 annuendum
1081 1346 1125 1381 vt
1158 1342 1293 1380 villam
1332 1343 1492 1380 nomine
1544 1341 1741 1392 ll'sysclze
1770 1354 1903 1393 prope

66 1409 239 1450 olomuc
270 1411 387 1448 sitam
422 1421 539 1460 quam
573 1410 703 1448 eidem
739 1422 810 1460 pro
844 1423 919 1449 sue
954 1409 1045 1449 fidei
1077 1411 1230 1449 meritis
1263 1411 1352 1448 iure
1377 1410 1615 1448 contulimus
1649 1410 1902 1449 hereditario

63 1488 152 1516 cum
190 1478 375 1516 omnibus
421 1479 508 1516 suis
549 1479 787 1517 attinenciis
821 1480 861 1517 in
905 1483 1144 1528 perpetuum
1194 1477 1453 1516 obtinendam
1504 1481 1622 1527 prout
1664 1478 1822 1528 hipsum
1862 1478 1904 1516 in

63 1545 299 1598 priuilegiis
332 1547 485 1584 nostris
526 1557 653 1596 super
693 1557 742 1584 eo
783 1544 984 1585 confectis
1027 1546 1187 1596 plenius
1228 1550 1292 1584 est
1333 1556 1592 1595 expressum.
1636 1544 1766 1592 Quam
1798 1545 1904 1584 idem

65 1613 219 1663 pardus
252 1625 325 1664 pro
359 1613 540 1651 remedio
574 1614 704 1652 anime
737 1625 813 1652 sue
847 1618 888 1652 et
920 1625 1084 1652 suorum
1125 1613 1437 1666 progenitorum
1470 1613 1509 1650 in
1542 1616 1703 1665 gremio
1738 1612 1905 1652 Olomu-

67 1681 206 1719 censis
254 1681 436 1719 ecclesie
480 1681 786 1731 quiescencium
834 1681 953 1719 vobis
1002 1685 1044 1720 et
1092 1682 1246 1720 vestris
1292 1681 1611 1719 successoribus
1659 1680 1906 1718 contradidit

65 1747 186 1798 pleno
220 1748 308 1787 iure
334 1752 453 1798 prout
486 1748 709 1802 priuilegia
734 1748 960 1787 huiusmodi
995 1748 1114 1786 vobis
1140 1759 1217 1798 per
1249 1748 1422 1786 eundem
1446 1749 1484 1785 in
1509 1749 1675 1801 signum
1704 1751 1905 1798 perpetue

67 1815 308 1855 donacionis
347 1817 570 1870 assignata
609 1820 815 1855 testantur
857 1816 1122 1866 presentibus
1162 1816 1305 1865 scripti
1348 1816 1562 1853 munimine
1603 1820 1644 1854 et
1675 1815 1908 1868 sigillorum

67 1887 297 1923 nostrorum
335 1883 560 1923 karactere
600 1882 882 1922 confirmamus
923 1895 1040 1934 quam
1080 1883 1346 1922 collacionem
1388 1888 1429 1922 et
1468 1887 1648 1921 nostram
1688 1881 1907 1922 confirma-

68 1952 224 1991 cionem
270 1963 345 2002 per
384 1964 527 1991 manus
575 1953 854 1991 Bartholomei
895 1951 1182 1991 Olomucensis
1230 1952 1379 1990 decani
1425 1962 1552 2001 super
1601 1951 1733 1990 altare
1772 1952 1909 1990 sancti

68 2018 323 2059 Wenceslai
356 2021 451 2060 vice
483 2024 628 2059 nostra
663 2021 756 2071 poni
790 2019 959 2059 fecimus
993 2024 1033 2059 et
1065 2020 1308 2070 conspectui
1342 2019 1478 2058 diuine
1511 2019 1739 2057 maiestatis
1772 2017 1910 2058 offerri

70 2086 123 2126 ad
154 2088 216 2126 rei
247 2089 479 2127 memoriam
518 2089 822 2139 sempiternam.
885 2088 1018 2126 Huius
1058 2088 1118 2126 rei
1151 2092 1284 2127 testes
1323 2091 1419 2126 sunt
1450 2088 1633 2126 barones
1667 2088 1797 2126 nostri
1829 2090 1910 2126 tam

69 2153 236 2194 Boemie
269 2166 387 2206 quam
420 2156 613 2195 Morauie
647 2156 853 2195 videlicet.
886 2156 1045 2194 Ratmir
1078 2155 1130 2194 de
1162 2155 1328 2195 Primda
1355 2155 1483 2196 Smilo
1517 2155 1568 2194 de
1600 2155 1909 2194 Luchtmburch

71 2221 337 2273 Wylhelmus
376 2224 429 2263 de
461 2224 687 2264 Podebrad
727 2222 927 2264 Chstibor
959 2223 1011 2262 de
1051 2220 1194 2263 Cosan
1226 2223 1409 2262 Herman
1449 2223 1500 2262 de
1533 2223 1754 2274 Rychnow
1787 2223 1909 2262 larec

73 2289 124 2329 de
155 2291 449 2331 Waldenberc
489 2293 687 2332 Boleslau
720 2291 917 2331 Borutich
958 2291 1092 2330 Potha
1125 2291 1176 2330 (le
1218 2291 1400 2341 Ryetich
1442 2289 1562 2331 Cuna
1604 2292 1656 2330 de
1695 2291 1909 2330 Weuerie

72 2357 218 2397 Artleb
252 2359 302 2398 de
335 2360 488 2399 Duban
520 2361 763 2401 Sudomirus
797 2359 848 2398 (le
880 2359 1091 2398 Wessele
1124 2359 1327 2398 Ludizlau
1360 2358 1411 2397 de
1437 2358 1686 2397 Hlubochan
1717 2358 1908 2397 &vilhel-

72 2437 157 2464 mus
190 2426 241 2465 de
274 2427 483 2467 Namesch
509 2429 692 2482 Egidius
726 2427 777 2466 de
804 2427 1059 2467 Swal)enich
1085 2427 1297 2466 Nezamisl
1323 2427 1589 2479 Burgi-auius
1624 2426 1909 2465 Olomucensis

73 2493 227 2533 Arcleb
260 2495 607 2535 Subcamerarius
642 2496 833 2536 Morauie
864 2495 1011 2534 Zasith
1045 2494 1096 2534 de
1129 2494 1397 2533 'Plumachow
1430 2492 1578 2534 Cadolt
1611 2494 1662 2532 de
1695 2494 1910 2548 XVehgna

74 2559 292 2614 Marquart
341 2562 473 2604 frater
522 2563 631 2605 Galli
679 2562 894 2604 Castolow
941 2563 992 2602 de
1040 2563 1205 2602 Ronow
1251 2562 1455 2601 Hindrich
1503 2562 1554 2600 de
1601 2561 1909 2601 Luchtmburch
