2155 2928
235 315 386 368 gensis
419 313 612 366 diocesis,
645 310 828 352 Salutem
861 312 903 348 et
935 307 1200 358 apostolicam
1239 305 1581 345 benedictionem.
1643 307 1768 346 Licet
1799 308 1834 347 is
1867 308 1919 348 de
1952 309 2068 349 cuius

233 392 403 420 munere
435 382 549 420 uenit
586 384 629 419 ut
660 380 737 417 sibi
777 391 800 417 a
833 376 1020 415 fidelibus
1060 376 1147 412 suis
1190 373 1322 426 digne
1363 384 1413 411 ac
1454 373 1718 413 laudabiliter
1758 377 1979 430 seruiatur,
2018 377 2070 417 de

234 448 514 487 habundantia
547 448 710 498 pietatis
742 456 830 497 sue⁷
864 454 942 494 que
975 443 1118 480 merita
1157 441 1385 490 supplicum
1418 441 1585 481 excedit
1623 445 1667 480 ut
1697 446 1794 482 uota
1833 443 1942 482 bene
1974 455 2070 484 ser-

232 516 440 555 uientibus
472 515 591 553 multo
619 514 772 552 maiora
799 511 1011 560 retribuat,
1037 519 1155 559 quam
1182 508 1348 546 ualeant
1373 510 1600 558 promereri
1626 509 1912 550 nichilominus
1936 515 2069 552 tamen

234 583 526 622 desiderantes
559 581 736 620 reddere
770 579 927 617 domino
962 577 1148 626 populum
1181 576 1479 626 acceptabilem
1512 575 1656 616 fideles
1681 575 1839 617 Christi
1873 578 1926 617 ad
1958 590 2070 618 com-

233 650 475 701 placendum
507 652 548 687 et
589 648 704 698 qnasi
738 645 976 696 quibusdam
1018 644 1208 682 illectiuis
1247 644 1498 698 muneribus,
1538 644 1811 698 indulgentiis
1850 649 1892 685 et
1922 647 2070 686 remis-

233 718 418 756 sionibus
452 717 679 766 inuitamus⁷
712 718 754 751 ut
777 712 929 750 exinde
962 710 1190 750 reddantur
1215 710 1352 750 diuine
1385 712 1528 765 gratie
1556 713 1754 762 aptiores.
1805 710 1908 753 Cum
1940 714 2071 767 igitur

233 786 341 823 sicut
372 796 427 822 ex
461 787 578 833 parte
621 780 756 819 dilecti
791 778 856 818 filii
889 778 1037 817 nobilis
1076 780 1154 817 uiri
1186 778 1403 817 Boc-honis
1443 778 1613 818 baronis
1651 779 1839 819 marchie
1876 781 2071 821 Mor-anie

232 852 392 890 comitis
424 850 474 888 de
505 847 678 898 Nidclze,
711 845 941 885 fundatoris
973 846 1212 885 monasterii
1244 847 1374 885 uestri
1406 845 1481 885 fuit
1505 848 1734 897 expositum
1768 859 1905 886 coram
1939 848 2070 902 nobis,

232 919 271 957 in
305 918 486 957 ecclesia
518 919 658 954 uestra
692 925 771 965 que
806 915 845 952 in
878 914 1075 952 honorem
1107 914 1346 953 beatissime
1381 915 1562 968 virginis
1594 915 1733 954 Marie
1765 913 1935 954 fundata
1967 916 2071 955 dici-

231 990 309 1038 tur,
342 986 548 1023 multorum
580 986 817 1021 sanctorum
850 982 1025 1032 reliquie
1051 982 1128 1020 sub
1161 981 1398 1021 reuerenda
1425 982 1614 1021 custodia
1646 986 1964 1036 conseruentur,
1997 994 2070 1023 nos

230 1054 444 1101 cupientes
477 1054 520 1089 ut
551 1050 695 1088 eadem
720 1050 903 1088 ecclesia
936 1051 1139 1103 congruis
1164 1050 1391 1089 honoribus
1424 1048 1725 1103 frequentetur,
1752 1051 1937 1089 omnibus
1969 1061 2069 1090 uere

228 1119 505 1170 penitentibus
545 1121 587 1156 et
619 1116 828 1156 confessis
871 1118 937 1168 qui
972 1117 1192 1156 ecclesiam
1234 1118 1362 1167 ipsam
1405 1118 1445 1155 in
1478 1117 1544 1157 die
1584 1117 1858 1157 dedicationis
1890 1118 2071 1158 eiusdem

228 1191 269 1225 et
307 1186 487 1239 singulis
525 1185 891 1236 sollempnitatibus
933 1185 1118 1236 predicte
1157 1185 1351 1238 uirginis,
1398 1196 1448 1223 ac
1489 1183 1715 1224 festiuitate
1755 1186 1867 1225 beati
1909 1186 2069 1225 Nicolai

226 1254 522 1294 uenerabiliter
553 1253 813 1293 uisitauerint
845 1254 1050 1292 annuatim
1085 1253 1136 1291 de
1164 1254 1451 1302 omnipotentis
1484 1253 1550 1292 dei
1575 1254 1860 1292 misericordia
1894 1257 1936 1292 et
1967 1254 2070 1293 bea-

226 1326 355 1360 torum
388 1322 502 1360 Petri
544 1325 585 1360 et
616 1321 734 1360 Pauli
775 1321 1052 1371 apostolorum
1085 1322 1175 1359 eius
1215 1322 1463 1359 auctoritate
1504 1319 1647 1359 confisi
1687 1325 1849 1359 centum
1890 1321 1979 1360 dies
2019 1320 2069 1360 de

228 1389 405 1428 iniuncta
444 1389 522 1427 sibi
569 1390 794 1439 penitentia
842 1389 1166 1428 misericorditer
1212 1388 1463 1428 relaxamus.
1526 1389 1678 1427 Datum
1723 1389 1925 1428 Laterani
1972 1389 2068 1428 Idus

225 1458 390 1497 Marcii.
423 1455 693 1496 Pontificatus
727 1458 856 1496 nostri
889 1469 998 1496 anno
1034 1457 1262 1495 vndecimo.

534 1554 587 1587 Ex
610 1555 810 1596 originali
834 1554 960 1587 archivi
984 1554 1167 1596 Principum
1192 1553 1233 1586 de
1257 1553 1564 1587 Dietrichstein
1587 1553 1871 1595 Nicolsburgi.

1077 1716 1211 1760 CCV.

227 1818 437 1859 otakarus
468 1841 491 1851 -
524 1820 734 1871 premysl,
776 1819 969 1858 dominu-9
1010 1822 1131 1871 reym’
1168 1820 1372 1859 Boffmiae
1403 1822 1441 1858 cl
1470 1818 1660 1857 marchio
1696 1819 1929 1869 Moravz‘ae,
1960 1831 2064 1870 pra-

225 1889 308 1926 tum
338 1887 544 1938 quoddam
575 1888 633 1927 ad
662 1888 916 1927 Hrde'bofice
956 1889 1078 1927 silam
1111 1888 1312 1926 ecclesiae
1344 1898 1436 1925 esse
1470 1886 1760 1927 olomucensis
1795 1888 2062 1938 protestatur.

904 1957 974 1995 De.
1006 1956 1196 2006 Brumae,
1235 1954 1386 1994 1254.

394 2045 453 2104 In
492 2066 652 2104 nomine
692 2065 839 2104 domini
888 2066 1032 2105 Amen.
1097 2064 1324 2104 Ottakarus
1371 2065 1439 2116 qui
1489 2068 1530 2103 et
1578 2064 1755 2114 Prymisl
1804 2064 1870 2102 dei
1915 2062 2064 2117 gracia

226 2130 408 2169 dominus
430 2132 574 2185 Regni
602 2133 770 2172 Boemie
804 2132 888 2171 dux
914 2132 1086 2171 Austrie
1110 2135 1152 2170 et
1175 2131 1319 2182 Styrie
1352 2136 1394 2172 et
1418 2131 1611 2171 Marchio
1637 2131 1830 2170 Morauie
1858 2129 2064 2170 vniuersis

227 2196 381 2238 Christi
415 2198 600 2239 fidelibus
626 2205 860 2251 presentem
894 2201 1091 2253 paginam
1118 2201 1368 2250 inspecturis
1402 2211 1546 2250 pacem
1569 2211 1594 2238 a
1623 2200 1781 2238 domino
1816 2202 1858 2238 et
1882 2199 2062 2238 salutem.

225 2265 347 2304 Licet
379 2268 561 2306 omnibus
594 2270 719 2307 simus
752 2269 915 2307 iusticie
955 2268 1166 2306 debitores
1199 2268 1441 2318 specialiter
1481 2272 1617 2306 tamen
1657 2267 1711 2305 ad
1751 2266 2064 2306 olomucensem

226 2334 443 2372 ecclesiam
475 2340 641 2374 matrem
674 2340 854 2374 nostram
897 2339 1038 2374 nostre
1071 2335 1428 2375 consideracionis
1468 2336 1599 2373 aciem
1639 2334 1856 2387 dirigimus
1890 2333 2062 2384 qualiter

227 2400 354 2448 ipsam
388 2401 536 2439 debitis
574 2403 800 2442 honoribus
841 2404 1084 2442 attollamus.
1147 2404 1256 2442 Hinc
1298 2407 1364 2441 est
1396 2402 1503 2453 quod
1545 2402 1596 2440 ad
1637 2402 1925 2441 vniuersornm
1957 2399 2062 2438 noti-

228 2467 331 2504 ciam
370 2469 551 2507 volumus
591 2472 790 2510 deuenirc
832 2472 937 2521 quod
976 2473 1142 2522 prcdam
1181 2471 1286 2509 inter
1325 2470 1469 2508 villam
1507 2468 1791 2508 Hrdieboricz
1830 2471 1869 2506 et
1901 2468 2060 2519 pontem

230 2532 514 2573 Graue-ensem
545 2537 703 2588 absque
737 2540 908 2578 omnium
950 2538 1286 2578 contradiceione
1328 2537 1380 2576 ad
1414 2536 1726 2577 olomucensem
1759 2535 1977 2574 ecclesiam
2010 2532 2060 2571 de
