2155 2928
1093 131 1195 171 3⁶26

230 285 409 334 Insuper
450 280 697 321 auctoritate
735 275 960 328 apostolica
1003 272 1232 312 inhibemus
1279 281 1332 309 ne
1371 269 1478 308 ullus
1518 269 1741 319 episcopus
1781 268 1846 308 uel
1886 269 2066 320 quelibet

232 352 313 391 alia
347 361 525 401 persona
558 348 608 386 ad
643 346 824 397 synodos
856 342 923 381 uel
956 343 1185 379 conuentus
1218 337 1411 376 forenses
1444 348 1519 375 uos
1553 338 1628 389 110,
1661 337 1727 375 1101
1761 337 1908 376 111111οἱ0
1940 349 2066 377 secu-

231 419 307 458 lari
341 418 392 457 de
426 422 565 456 uestra
600 415 762 465 propria
795 409 1026 450 substantia
1061 407 1126 445 uel
1162 405 1499 456 possessionibus
1528 405 1680 443 uestris
1708 404 1930 443 subiacere
1954 416 2066 444 com-

233 487 358 537 pellat
390 496 467 523 nec
500 483 551 522 ad
585 483 723 521 domos
756 482 920 517 uestras
953 487 1082 514 causa
1116 474 1285 512 ordines
1318 472 1560 511 celebrandi
1594 483 1748 511 causas
1772 473 1977 511 tractandi
2001 473 2067 513 uel

232 554 391 603 aliquos
433 554 660 590 conuentus
701 547 883 597 publicos
923 543 1181 582 conuocandi
1231 542 1380 580 uenire
1429 544 1652 592 presumat,
1703 551 1780 578 nec
1829 540 2066 593 regularem

232 621 473 659 electionem
513 617 674 656 abbatis
714 614 842 653 uestri
882 611 1086 662 impediat7
1127 614 1197 649 aut
1239 609 1291 647 de
1331 608 1582 647 instituendo
1623 608 1688 646 uel
1730 607 1977 646 remouendo
2016 618 2066 648 eo

233 689 299 738 qui
334 699 405 737 pro
439 690 619 735 tempore
662 681 782 720 suerit
814 684 959 718 contra
993 682 1145 717 statuta
1180 675 1481 715 Cisterciensis
1524 675 1681 714 ordinis
1722 686 1770 714 se
1811 675 2067 725 aliquatenus

233 755 478 793 intromittat.
549 752 595 790 Si
637 760 737 788 11010
765 749 999 802 ¹episcopus
1039 746 1078 783 in
1120 745 1236 783 cuius
1277 743 1496 794 parrochia
1537 743 1679 782 domus
1719 747 1861 781 uestra
1901 741 2068 783 fundata

232 827 297 861 est
329 833 416 859 cum
450 819 670 858 humilitate
708 828 758 855 ac
792 815 1012 854 deuotione
1045 825 1127 864 qua
1160 813 1355 851 conuenit
1388 812 1611 862 requisitus
1644 811 1903 850 substitutum
1936 811 2069 850 abba-

231 894 309 928 tem
342 886 595 927 benedicere
628 887 669 923 et
701 884 781 922 alia
815 893 895 933 que
928 881 978 920 ad
1014 880 1185 920 officium
1215 879 1455 930 episcopale
1481 880 1701 932 1101110001,
1734 879 1852 917 uobis
1877 876 2070 919 conferre

232 957 413 995 renuerit
451 954 599 992 licitum
632 953 686 992 sit
724 952 856 991 eidem
888 950 1043 1003 abbati,
1076 950 1111 988 si
1151 952 1285 987 tamen
1313 947 1517 986 sacerdos
1558 945 1693 1000 suerit,
1727 947 1917 997 proprios
1950 947 2069 986 noui-

227 1025 305 1062 tios
345 1021 612 1074 benedicere,
646 1023 688 1059 01
726 1020 807 1058 alia
841 1029 921 1070 que
961 1017 1014 1056 ad
1046 1016 1218 1056 officium
1259 1028 1374 1055 suum
1403 1016 1612 1066 pertinent
1648 1025 1857 1054 exercere
1884 1018 1925 1053 et
1950 1014 2070 1054 uobis

229 1091 360 1130 omnia
393 1090 443 1128 ab
476 1089 555 1127 alio
589 1089 785 1138 episcopo
819 1087 1054 1139 percipere⁷
1088 1096 1167 1137 que
1200 1097 1224 1123 a
1258 1088 1399 1122 uestro
1439 1082 1592 1122 fuerint
1624 1082 1808 1122 indebite
1843 1082 2070 1136 denegata.

235 1158 339 1197 Illud
375 1157 606 1195 adicientes
639 1159 682 1194 ut
715 1156 753 1194 in
780 1153 1032 1205 recipiendis
1060 1151 1390 1203 professionibus
1424 1162 1503 1201 que
1527 1163 1550 1189 a
1585 1151 1816 1189 benedictis
1841 1150 1908 1189 uel
1942 1151 2073 1190 bene-

229 1225 415 1264 dicendis
448 1224 670 1263 abbatibus
704 1223 967 1262 exhibentur.
1001 1233 1051 1260 ea
1086 1222 1167 1259 sint
1199 1220 1385 1271 episcopi
1419 1217 1546 1257 sorma
1582 1223 1623 1257 et
1656 1219 1934 1269 expressione
1967 1229 2070 1258 con-

228 1295 342 1345 10011,
388 1303 467 1343 que
508 1292 560 1330 ab
603 1292 771 1344 origine
813 1290 968 1329 ordinis
1017 1290 1203 1328 noscitur
1250 1289 1446 1326 instituta.
1492 1291 1536 1326 ut
1581 1287 1743 1326 scilicet
1781 1287 1956 1325 abbates
1995 1286 2071 1338 ipsi

229 1363 422 1411 episeopo
455 1360 572 1399 saluo
607 1360 752 1398 ordine
791 1371 867 1398 suo
908 1356 1089 1408 profiteri
1130 1357 1312 1395 debeant
1351 1359 1392 1394 01
1431 1359 1579 1394 contra
1620 1358 1773 1393 statuta
1813 1354 1969 1393 ordinis
2007 1353 2070 1393 sui

229 1430 374 1468 nullam
409 1427 707 1479 professionem
744 1426 889 1466 facere
922 1426 1229 1476 compellantur.
1293 1424 1377 1463 Pro
1410 1423 1797 1462 consecrationibus
1829 1433 1932 1461 uero
1965 1422 2072 1461 alta-

228 1499 328 1536 rium
359 1497 425 1535 uel
459 1496 727 1535 ecclesiarum
754 1497 845 1534 siue
880 1506 952 1545 pro
984 1494 1075 1532 oleo
1105 1497 1264 1545 sancto7
1298 1492 1364 1530 uel
1389 1492 1571 1543 quolibet
1603 1491 1893 1529 ecclesiastico
1919 1501 2069 1530 sacra-

227 1569 358 1603 mento
400 1564 531 1602 nullus
572 1576 595 1602 a
638 1564 757 1602 uobis
799 1563 875 1602 sub
910 1562 1078 1600 obtentu
1119 1560 1432 1599 consuetudinis
1473 1560 1540 1598 uel
1581 1559 1662 1597 alio
1696 1559 1812 1598 modo
1855 1559 2069 1609 quicquam

229 1633 381 1671 audeat
420 1636 674 1683 extorquere
707 1635 773 1670 set
811 1631 891 1669 hec
934 1631 1067 1669 omnia
1108 1630 1245 1682 gratis
1285 1628 1404 1666 uobis
1445 1628 1669 1678 episcopus
1709 1627 1959 1665 diocesanus
1997 1627 2073 1664 im-

233 1701 395 1750 pendat.
447 1701 640 1750 Alioquin
671 1700 795 1738 liceat
818 1699 937 1737 uobis
964 1707 1257 1749 quemcumque
1289 1695 1514 1734 malueritis
1542 1695 1786 1733 catholicum
1821 1694 1938 1732 adire
1963 1693 2072 1732 anti-

229 1770 361 1806 stitem
395 1769 575 1821 gratiam
615 1772 657 1806 et
689 1768 970 1806 comunionem
1003 1765 1233 1816 apostolice
1272 1763 1388 1802 sedis
1420 1762 1639 1801 habentem
1669 1763 1736 1813 qui
1769 1768 1911 1801 nostra
1942 1760 2071 1801 fretus

231 1838 476 1874 auctoritate
510 1836 628 1874 uobis
663 1835 769 1886 quod
804 1835 1031 1886 postulatur
1063 1832 1283 1883 impendat.
1348 1830 1466 1879 Quod
1503 1831 1538 1869 si
1572 1831 1700 1869 sedes
1735 1830 1948 1869 diocesani
1982 1829 2072 1880 epi-

231 1905 346 1953 scopi
394 1902 497 1943 111110
546 1904 764 1942 uacauerit
811 1903 971 1942 interim
1019 1902 1151 1940 omnia
1202 1900 1493 1939 ecclesiastica
1542 1902 1805 1938 sacramenta
1853 1910 1877 1937 a
1927 1898 2072 1953 uicinis

232 1972 438 2022 episcopis
480 1972 675 2022 accipere
708 1972 840 2011 libere
883 1975 925 2010 et
963 1970 1124 2021 absque
1166 1968 1494 2008 contradictione
1534 1967 1718 2020 possitis,
1758 1967 1820 2005 sic
1856 1970 1991 2004 tamen
2030 1966 2074 2004 ut

233 2050 288 2077 ex
320 2039 397 2077 hoc
434 2041 473 2077 in
506 2044 712 2090 posterum
747 2040 912 2090 proprio
947 2040 1142 2088 episcopo
1177 2036 1324 2075 nullum
1360 2035 1624 2085 preiudicium
1658 2037 1905 2088 generetur.
1968 2032 2074 2080 Quia

232 2118 332 2144 uero
367 2107 563 2146 interdum
602 2109 754 2158 proprii
789 2107 974 2158 episcopi
1008 2107 1166 2157 copiam
1199 2116 1280 2143 11011
1314 2103 1478 2142 habetis
1517 2104 1673 2153 siquem
1714 2103 1951 2152 episcopum
1984 2101 2074 2139 Ro-

233 2185 349 2212 mane
381 2175 494 2214 sedis
528 2179 569 2214 ut
601 2176 775 2214 diximus
810 2176 989 2229 gratiam
1023 2178 1065 2213 et
1096 2174 1377 2212 comunionem
1409 2171 1630 2211 habentem
1665 2175 1706 2210 et
1731 2171 1782 2210 de
1805 2182 1884 2221 quo
1914 2169 2071 2220 plenam

235 2243 411 2280 notitiam
443 2242 635 2282 habeatis
670 2255 745 2294 per
777 2255 852 2282 uos
885 2244 1067 2281 transire
1100 2242 1329 2295 contigerit
1367 2241 1418 2279 ab
1453 2252 1503 2279 eo
1538 2240 1851 2278 benedictiones
1883 2247 2072 2276 uasorum

236 2313 277 2347 et
318 2311 487 2348 uestium
537 2313 880 2350 consecrationes
929 2311 1116 2349 altarium
1161 2309 1446 2349 ordinationes
1490 2307 1782 2347 monachorum
1829 2306 2074 2345 auctoritate

237 2376 349 2414 sedis
381 2379 608 2426 apostolice
641 2379 833 2429 recipere
865 2379 1055 2417 ualeatis.
1119 2378 1252 2417 Porro
1296 2379 1330 2416 si
1364 2377 1547 2428 episcopi
1591 2375 1658 2414 uel
1697 2375 1764 2413 alii
1805 2374 2073 2413 ecclesiarum

239 2447 422 2481 rectores
456 2446 494 2483 in
526 2448 814 2485 monasterium
838 2451 1019 2485 uestrum
1051 2446 1118 2485 uel
1143 2457 1349 2496 personas
1375 2445 1473 2484 inibi
1507 2445 1752 2483 constitutas
1785 2441 2072 2493 suspensionis

240 2512 281 2547 et
313 2514 741 2554 excommunicationis
765 2514 830 2553 uel
863 2514 1070 2553 interdicti
1095 2515 1344 2553 sententiam
1377 2512 1735 2566 promulgauerint
1758 2511 1850 2550 siue
1882 2510 2001 2549 etiam
2031 2507 2071 2546 in
