2155 2928
1074 146 1177 185 292

204 293 296 331 siue
328 291 640 342 quibuscunque
673 290 763 328 aliis
796 286 981 326 fidelibus
1014 286 1101 323 suis
1135 284 1323 338 graciam
1357 295 1472 322 suam
1505 286 1547 323 et
1578 295 1695 323 omne
1727 284 1888 324 bonum.
1920 285 2043 326 Licet

204 369 259 398 ex
292 358 422 398 officio
464 360 588 411 regie
627 357 871 410 magestatis
909 353 1148 404 pupillorum
1181 363 1231 390 ac
1264 351 1478 390 viduarum
1510 352 1839 392 tribulationibus
1873 354 2043 394 obuiare

204 431 246 466 et
286 427 550 479 generaliter
603 435 742 464 omnes
788 423 905 461 nobis
945 421 1157 458 subiectos
1197 420 1237 458 in
1285 420 1394 458 viam
1444 421 1560 470 pacis
1600 420 1790 474 dirigere
1830 424 2043 460 teneamur

203 495 316 533 iuxta
359 494 596 532 dominicam
638 492 906 541 voluntatem3
954 499 1030 526 nos
1073 490 1209 526 tamen
1252 485 1400 526 affectu
1441 488 1612 537 speciali
1655 492 1697 527 et
1738 490 1890 542 gracia
1933 499 2044 542 erga.

204 561 452 600 Priorissam
494 565 534 599 et
577 562 818 597 conuentum
861 556 912 594 de
954 554 1072 594 Cella
1111 567 1144 592 s.
1186 555 1326 593 Marte
1364 555 1408 593 in
1447 555 1627 593 Brunna
1670 567 1808 595 sumus
1849 556 2042 597 diuinitus

205 629 405 667 illustrati.
438 628 545 666 Hinc
579 630 655 678 est,
689 624 794 675 quod
828 623 879 662 ad
912 622 1208 661 subleuandam
1242 623 1418 673 inopiam
1451 623 1688 677 earundem,
1729 624 1781 663 ad
1822 626 2044 675 promotio-

204 707 294 734 nem
327 696 465 734 diuine
498 693 629 732 laudis
662 703 735 742 pro
768 692 900 730 anime
934 694 1076 729 nostre
1109 689 1291 729 remedio
1324 690 1589 729 concedimus
1624 692 1898 742 plantationes
1939 703 2044 744 qua-

203 763 372 801 rundam
405 763 608 801 domorum
649 759 835 798 nouellas
876 769 1005 808 prope
1044 769 1180 796 muros
1213 758 1392 796 ciuitatis
1431 760 1625 808 superius
1658 764 1900 814 memorate,
1940 771 2044 812 quas

203 831 365 869 seriose
397 831 436 867 in
470 832 648 866 nostram
681 827 975 876 protectionem
1008 826 1226 876 recipimus
1258 826 1584 864 misericorditer
1624 830 1666 866 et
1697 825 1895 881 fauorem,
1927 841 2044 868 man-

206 898 352 935 dantes
378 897 493 935 vobis
516 895 591 933 sub
619 894 785 932 obtentu
815 894 966 946 gracie
990 898 1132 933 nostre
1158 905 1208 932 ac
1241 904 1377 932 rerum
1402 898 1649 948 vestrarum,
1676 906 1728 934 ne
1749 897 1839 946 quis
1862 900 2045 936 vestrum

206 975 389 1014 umquam
422 963 590 1001 racione
624 962 868 1014 exactionis,
901 962 992 1000 siue
1024 964 1217 1012 precarie
1251 963 1445 1015 ciuitatiS,
1484 963 1573 1002 siue
1607 963 1647 1001 in
1689 963 1846 1003 iuribus
1885 962 2044 1005 soraliis

203 1031 373 1069 emendo
424 1041 501 1069 seu
549 1029 789 1080 vendendo,
830 1029 897 1068 uel
939 1040 1184 1081 quacunque
1226 1030 1306 1068 alia
1346 1029 1398 1068 de
1437 1041 1566 1068 causa
1607 1030 1739 1069 dictos
1781 1031 1964 1071 homines
2005 1034 2045 1072 in

203 1099 398 1137 dictarum
433 1097 684 1136 dominarum
716 1097 836 1136 bonis
869 1097 1081 1150 degentes
1115 1098 1289 1149 aliquam
1322 1098 1543 1136 molestiam
1576 1098 1796 1138 indebitam
1835 1104 2044 1151 presumat

205 1177 280 1204 seu
321 1166 564 1204 violenciam
611 1166 822 1218 irrogare.
893 1164 998 1213 Quia
1049 1166 1155 1217 quod
1205 1166 1299 1205 Deo
1338 1166 1467 1204 semel
1509 1166 1683 1205 dicatum
1734 1171 1820 1219 est,
1860 1169 2045 1209 manibus

204 1234 398 1274 laicorum
432 1244 511 1272 non
554 1233 651 1271 licet
689 1233 862 1271 ulterius
904 1235 1139 1286 attrectari,
1180 1235 1246 1285 qui
1288 1237 1422 1272 autem
1464 1233 1515 1272 de
1554 1238 1695 1273 cetero
1735 1246 1860 1274 secus
1901 1234 2045 1277 facere

202 1301 517 1354 presumpserit,
556 1302 737 1354 gratiam
777 1305 959 1340 nostram
998 1312 1046 1340 se
1086 1303 1248 1341 nouerit
1286 1300 1522 1341 offendisse.
1584 1303 1737 1342 Datum
1778 1303 1817 1342 in
1857 1303 2046 1356 Zhnoym

202 1369 331 1421 pridie
362 1380 493 1409 nonas
525 1369 786 1408 Decembris.

505 1467 560 1499 Ex
582 1467 777 1509 originali
800 1468 831 1498 in
853 1467 988 1500 archivo
1012 1477 1042 1499 c.
1064 1477 1091 1499 r.
1114 1468 1248 1500 aulico
1271 1467 1551 1500 vindobonae.

1056 1630 1184 1674 CCC.

206 1732 452 1772 Alea-ander
488 1745 600 1785 papa
639 1733 718 1773 IV.
758 1735 1009 1774 monasterio
1062 1734 1380 1774 Welelzradensz·
1423 1734 1630 1785 concedit,
1669 1737 1716 1773 ut
1756 1736 2046 1787 possessiones

236 1803 274 1839 et
303 1800 406 1839 bona
436 1802 619 1853 fratrum
650 1813 821 1841 suorum
854 1803 1042 1853 recipere
1081 1806 1118 1840 et
1154 1803 1332 1841 retinere
1370 1804 1514 1855 possit.
1576 1803 1736 1842 Datum
1766 1804 1986 1855 Laterani,

803 1870 874 1910 VI.
908 1870 1012 1909 Idus
1044 1870 1260 1921 ιῙαηῑιανίἰ,
1300 1870 1451 1910 1261.

346 1959 615 2019 Alexander
647 1980 871 2030 episcopus
904 1991 1054 2020 seruus
1092 1990 1307 2019 seruorum
1346 1979 1426 2018 dei.
1489 1979 1667 2018 Dilectis
1706 1978 1795 2019 filiis
1831 1980 1972 2019 abbati
2005 1983 2046 2020 et

207 2047 427 2084 conuentui
458 2048 694 2086 monasterii
727 2047 779 2086 de
819 2047 1056 2098 VVeleyrad,
1090 2046 1390 2087 Cisterciensis
1423 2047 1593 2101 ordiniS,
1627 2046 1913 2088 olomucensis
1953 2048 2045 2087 dio-

207 2113 317 2150 cesis
364 2113 535 2152 salutem
574 2118 616 2154 et
663 2115 930 2165 apostolicam
969 2115 1308 2156 benedictionem.
1366 2115 1613 2154 Deuotionis
1658 2119 1802 2154 uestre
1848 2115 2044 2166 precibus

207 2181 385 2219 inclinati
420 2183 669 2230 presentium
703 2183 821 2221 vobis
861 2184 1107 2222 auctoritate
1147 2184 1434 2236 concedimus,
1473 2187 1516 2222 ut
1550 2184 1843 2234 possessiones
1883 2187 1925 2223 et
1963 2183 2044 2222 alia

207 2246 314 2285 bona
348 2249 507 2287 mobilia
540 2253 581 2288 et
613 2251 846 2304 immobilia,
887 2262 966 2302 que
999 2251 1155 2290 liberas
1189 2262 1392 2301 personas
1424 2249 1593 2290 fratrum
1625 2254 1878 2304 vestrorum,
1911 2251 2044 2290 mundi

209 2314 352 2352 relicta
385 2318 568 2355 vanitate
601 2318 653 2356 ad
686 2323 868 2357 vestrum
899 2320 1189 2358 monasterium
1222 2318 1535 2357 conuolancium
1568 2322 1610 2357 et
1640 2316 1940 2368 professionem
1980 2316 2045 2357 fa-

211 2381 420 2434 cieucium,
453 2384 493 2422 in
526 2385 668 2424 eodem
702 2387 790 2425 iure
823 2387 1108 2426 successionis
1140 2386 1209 2425 vel
1241 2386 1321 2425 alio
1355 2387 1460 2425 iusto
1493 2386 1629 2439 titulo,
1669 2387 1705 2425 si
1745 2387 2044 2425 remansissent

212 2446 251 2484 in
284 2449 437 2501 seculo,
470 2452 748 2505 contigissent
781 2457 821 2493 et
853 2455 929 2505 ipsi
957 2456 1188 2505 potuissent
1220 2455 1310 2493 aliis
1341 2454 1473 2493 libere
1507 2464 1707 2507 erogare,
1735 2453 1863 2493 rebus
1896 2451 2043 2492 feuda-

214 2513 319 2552 libus
352 2515 550 2557 duutaxat
580 2522 784 2575 exceptis,
816 2523 994 2562 valeatis
1027 2526 1187 2577 petere,
1220 2523 1412 2574 recipere
1444 2532 1495 2561 ac
1528 2522 1658 2561 eciam
1689 2522 1887 2561 retinere.
1934 2520 2043 2561 Nulli
