2155 2928
1112 198 1183 239 30

227 342 435 394 exigente
481 341 635 382 iustitia
682 339 986 391 suspendisset,
1033 338 1198 378 tandem
1246 349 1387 378 eorum
1434 340 1738 377 succrescente
1783 338 1946 390 malitia,
1984 340 2072 380 tulit

228 409 662 448 excommunicationis
700 409 946 447 sententiam
988 409 1028 446 in
1070 406 1250 446 eosdem.
1315 406 1489 444 Demum
1530 416 1636 445 vero
1679 407 1877 457 predictis
1910 407 2071 448 decano

227 481 270 516 et
301 478 515 516 canonicis
556 476 842 516 olomucensis
876 475 1060 514 ecclesie
1100 474 1379 513 existentibus
1417 474 1479 512 sic
1512 473 1659 527 ligatis
1700 478 1741 513 et
1773 474 2070 516 absolutionem

226 545 547 599 negligentibus
580 544 812 597 implorare,
845 555 895 582 ac
930 544 1088 581 interim
1123 539 1285 592 prefata
1324 541 1510 580 ecclesia
1546 543 1726 592 pastoris
1758 543 1906 582 solatio
1940 543 2072 583 desti-

225 616 327 666 tuta7
361 613 572 663 predictus
613 613 956 662 archiepiscopus
989 614 1190 660 reputans
1232 620 1308 648 eos
1341 609 1431 648 iure
1471 610 1690 649 electionis
1723 611 1936 665 indignos,
1977 613 2071 663 quia

224 681 345 731 lapsu
377 682 572 731 temporis
605 682 680 719 iam
712 680 903 719 deuoluta
934 682 1025 717 erat
1048 677 1102 716 ad
1125 688 1216 716 eum
1247 681 1433 728 potestas
1458 678 1702 729 prouidendi
1732 679 1866 719 eidem
1888 680 2070 720 ecclesie

226 749 279 788 de
312 754 494 802 pastore7
528 747 763 787 Com-adum
796 747 1120 786 lldesemensem
1153 746 1409 799 canonicum2
1449 747 1581 785 virum
1613 747 1753 798 utique
1786 747 1998 798 prouidum
2029 751 2072 789 et

226 817 447 856 discretum
489 817 674 867 predicte
723 815 906 854 ecclesie
946 814 1210 854 olomucensi
1259 812 1448 868 prefecit,
1487 813 1680 854 faciendo
1721 826 1811 854 eum
1853 817 1894 856 in
1941 817 2071 867 ipsius

225 886 409 924 ecclesie
435 886 671 935 episcopum
695 883 958 935 consecrari3
993 883 1057 921 cui
1083 887 1162 922 tam
1193 883 1234 922 in
1259 883 1541 934 spiritualibus
1569 894 1688 934 quam
1713 884 1754 922 in
1777 884 2071 935 temporalibus

225 954 408 991 ecclesie
441 952 695 1004 ministranti7
729 951 949 1001 capitulum
983 951 1111 1001 ipsius
1145 962 1195 990 ac
1228 954 1336 990 totus
1371 950 1658 990 olomucensis
1691 952 1872 992 ciuitatis
1904 956 1947 992 et
1978 953 2072 993 dio-

224 1021 337 1059 cesis
370 1021 507 1059 clerus
541 1025 742 1069 tamquam
785 1030 860 1058 suo
895 1020 1093 1070 episcopo
1136 1019 1333 1058 obediunt
1364 1019 1568 1059 humiliter
1601 1023 1642 1059 et
1675 1020 1902 1060 intendunt.
1967 1019 2070 1062 Cum

224 1089 354 1141 igitur
386 1088 438 1126 sit
470 1089 508 1126 in
549 1086 760 1126 desiderio
800 1090 942 1126 nostro
977 1089 1225 1141 continuum,
1266 1087 1539 1127 ecclesiarum
1581 1089 1809 1128 subuenire
1842 1089 2070 1140 dispendiis

221 1167 298 1206 per
329 1156 541 1208 condigne
574 1154 824 1206 prouisionis
857 1154 1057 1209 effectum,
1097 1156 1336 1195 mandamus
1369 1159 1575 1208 quatenus
1615 1156 1724 1196 dicto
1757 1155 1969 1211 Conrado7
2002 1158 2069 1210 qui

221 1235 294 1275 pro
334 1223 516 1262 eiusdem
557 1224 740 1263 ecclesie
773 1227 943 1274 pastore
984 1235 1033 1263 se
1072 1225 1202 1278 gerit7
1244 1226 1420 1275 spatium
1460 1225 1578 1264 trium
1618 1225 1816 1264 mensium
1856 1226 2070 1266 terminum

221 1292 509 1342 peremtorium
541 1291 778 1346 preligatis,
811 1291 919 1331 infra
952 1303 1071 1343 quem
1104 1296 1197 1343 post
1236 1297 1380 1332 vestre
1414 1293 1622 1332 citationis
1656 1293 1832 1332 edictum
1864 1305 2071 1344 persona-

220 1360 313 1399 liter
344 1361 412 1399 vel
446 1371 521 1410 per
544 1365 855 1411 procuratorem
887 1359 1156 1400 sufficientem
1191 1365 1232 1400 et
1256 1362 1445 1400 idoneum
1479 1373 1569 1400 cum
1602 1362 1832 1401 rationibus
1865 1366 1907 1402 et
1937 1363 2071 1402 muni-

220 1430 365 1468 mentis
391 1430 478 1468 suis
502 1429 554 1468 ad
580 1431 795 1483 negotium
819 1431 949 1481 ipsum
973 1430 1260 1480 spectantibus
1285 1434 1427 1469 nostro
1454 1441 1502 1469 se
1526 1431 1768 1481 conspectui
1788 1434 2067 1486 representet,

220 1496 405 1536 facturus
430 1501 472 1536 et
498 1502 762 1551 recepturus7
789 1499 897 1550 quod
924 1499 1026 1538 ordo
1050 1499 1270 1537 dictauerit
1294 1499 1479 1537 rationis.
1526 1498 1622 1538 Non
1650 1499 1912 1538 obstantibus
1937 1499 2068 1539 literis

219 1566 457 1616 apostolicis
490 1566 543 1604 ad
571 1595 581 1605 .
606 1595 616 1604 .
642 1567 993 1606 Archidiaconum
1025 1567 1427 1606 XVratislauiensem
1461 1568 1635 1618 eiusque
1668 1567 1910 1607 coniudices
1942 1578 2071 1618 super

219 1634 447 1673 huiusmodi
479 1636 668 1688 negotio⁷
702 1646 779 1685 per
821 1646 926 1686 quas
959 1635 1011 1674 ad
1046 1636 1333 1674 executionem
1376 1636 1507 1686 ipsius
1541 1639 1711 1686 propter
1743 1635 1933 1674 malitiam
1964 1639 2069 1675 tem-

220 1704 330 1753 poris
365 1706 406 1741 et
438 1703 622 1742 eiusdem
665 1702 715 1742 O.
749 1704 972 1754 potentiam
1014 1708 1058 1742 ut
1089 1705 1294 1743 asseritur
1333 1703 1504 1754 procedi
1544 1716 1627 1742 non
1667 1705 1796 1754 potuit
1828 1704 2068 1755 impetratis.

220 1770 420 1821 Quicquid
471 1775 606 1810 autem
647 1783 776 1822 super
823 1772 902 1811 boc
949 1770 1150 1825 feceritis7
1198 1772 1319 1811 nobis
1367 1783 1442 1822 per
1489 1777 1658 1811 vestras
1706 1772 1850 1811 literas
1894 1771 2069 1812 fideliter

220 1839 476 1878 rescribatis.
548 1838 704 1888 Quodsi
753 1852 834 1879 non
881 1851 1023 1879 omnes
1070 1840 1135 1879 bis
1183 1841 1445 1892 exequendis
1492 1842 1709 1891 potueritis
1756 1842 1979 1895 interesse,
2025 1845 2068 1881 tu

219 1904 348 1946 frater
375 1908 572 1958 episcope
597 1920 685 1947 cum
714 1920 854 1947 eorum
884 1909 1015 1948 altero
1040 1920 1091 1947 ea
1123 1909 1408 1948 nichilominus
1442 1910 1682 1961 exequaris.
1744 1910 1841 1948 Dat.
1864 1910 2068 1964 Anagnie

218 1975 291 2014 111.
324 1976 423 2015 Idus
455 1975 731 2026 Septembris.
794 1975 1065 2016 Pontiticatus
1098 1978 1230 2016 nostri
1262 1989 1371 2017 anno
1405 1978 1545 2028 primo.

524 2066 579 2097 Ex
602 2067 861 2108 autographo
885 2067 1068 2107 Regesto
1091 2067 1214 2098 literar.
1237 2067 1417 2099 Innocentii
1440 2075 1548 2108 papae
1571 2066 1632 2098 lv.
1655 2067 1728 2098 anni
1751 2067 1778 2098 1.
1803 2069 1899 2109 epist.
1925 2065 2013 2099 111.
2035 2067 2068 2099 in

629 2118 796 2150 tabulariis
820 2118 1048 2150 Vaticanis.

1061 2222 1223 2262 XLIV.

222 2304 487 2346 Innocentius
503 2321 617 2360 papa
634 2308 713 2349 IV.
729 2307 937 2361 fratribus
959 2307 1321 2360 praedicatoribus
1343 2308 1690 2348 Olomucensibus
1715 2311 1753 2348 el
1771 2308 2067 2349 Brunensibus

274 2374 455 2426 mandat,
486 2379 532 2415 ut
561 2389 728 2416 crucem
759 2376 965 2417 adversus
995 2376 1175 2428 populos
1206 2376 1416 2416 Lim-oniae
1448 2379 1486 2415 et
1515 2377 1728 2416 Prussiae
1756 2377 2013 2429 praedicent.

624 2447 697 2484 Dc.
729 2446 964 2497 Anagniae,
996 2445 1102 2484 XII.
1134 2445 1237 2484 Kal.
1272 2444 1478 2497 Octobris,
1517 2445 1670 2485 1243.

392 2499 672 2561 Innocentius
704 2524 928 2573 episcopus
961 2534 1113 2562 seruus
1146 2533 1361 2562 seruorum
1395 2521 1476 2561 dei.
1538 2522 1719 2562 Dilectis
1751 2520 1842 2561 filiis
1869 2551 1879 2561 .
1906 2551 1916 2561 .
1940 2521 2065 2561 Prio-

223 2584 338 2625 ribus
385 2589 426 2625 et
470 2585 667 2628 fratribus
715 2590 872 2630 ordinis
918 2591 1231 2631 Predicatorum
1266 2589 1610 2631 olomucensibus
1649 2595 1690 2630 et
1730 2590 2062 2641 Brunnensibus‚
