2155 2928
944 188 1047 229 257

74 328 323 380 Kunowicz,
363 337 480 378 quam
520 328 705 367 homines
744 330 981 368 monasterii
1024 330 1076 369 de
1108 329 1355 383 Welegrad
1397 330 1448 369 de
1489 331 1580 381 ipsa
1622 329 1778 371 forensi
1812 333 1908 372 villa

74 396 292 449 Velegrad
325 406 414 433 cum
447 396 652 449 omnibus7
692 408 778 435 cum
814 398 998 436 omnibus
1031 399 1084 436 sit
1117 398 1224 436 latus
1258 402 1299 436 et
1338 409 1476 448 capax
1516 398 1631 436 locus
1664 399 1751 451 ille,
1791 400 1908 438 simul

75 464 127 503 ad
159 463 261 502 idem
288 462 446 512 opidum
471 463 650 502 debeant
674 475 722 502 se
746 463 988 503 transferre.
1034 466 1087 504 Et
1120 465 1224 516 quod
1260 476 1413 504 census
1447 477 1652 519 arearum,
1686 467 1725 504 in
1759 467 1906 518 quibus

74 534 152 571 tam
191 531 340 582 nostri⁷
381 541 500 580 quam
544 533 783 570 monasterii
822 533 1065 572 residebunt
1106 533 1312 586 homines,
1355 533 1485 572 eidem
1528 535 1778 572 monasterio
1820 546 1908 573 cum

74 597 207 639 fundis
239 598 289 636 ad
322 598 450 648 ipsum
483 602 647 648 spectet
678 601 797 638 annis
825 601 1006 653 singulis
1039 602 1078 639 in
1111 599 1216 640 festo
1240 602 1373 639 sancti
1399 601 1567 640 Martini
1595 613 1671 652 per
1698 602 1912 641 duodecim

75 667 266 707 denarios
290 665 342 704 de
367 666 550 716 qualibet
572 678 674 705 area
698 671 859 706 monete
891 670 1086 718 temporis
1111 669 1290 707 eiusdem
1320 669 1570 719 persoiuant.
1602 670 1753 709 Forum
1778 682 1912 709 rerum

73 735 275 774 venalium
307 734 347 772 in
380 733 524 772 eodem
551 734 671 784 opido
696 747 803 773 nouo
831 736 990 774 duobus
1024 736 1171 774 diebus
1200 737 1380 787 qualibet
1404 737 1640 776 seruabitur
1666 740 1911 791 septimana,

73 814 155 843 vno
187 801 412 852 eodemque
446 801 526 854 die7
559 803 667 841 sicut
699 804 738 841 in
772 804 862 853 ipsa
896 802 1053 842 sorensi
1085 804 1179 842 villa
1209 804 1432 857 Velegrad
1473 804 1676 843 hactenus
1716 810 1781 844 est
1813 817 1910 844 ser-

73 874 225 921 uatum⁷
264 870 353 919 ipso
387 869 452 908 die
486 870 616 908 eciam
658 870 811 921 omnia,
846 882 925 921 que
958 873 1180 921 prouenire
1221 875 1429 924 poterunt,
1470 872 1622 912 cedent
1660 874 1911 911 monasterio

74 939 161 978 iure
199 936 295 990 sori3
335 937 414 976 alio
454 937 520 975 die
562 938 670 976 sicut
708 939 748 976 in
790 939 1024 977 Kunowicz
1064 939 1266 977 hactenus
1300 943 1365 978 est
1397 943 1626 992 seruatum,
1670 944 1712 979 et
1744 941 1810 979 iilo
1844 941 1911 980 die

74 993 157 1045 fori*
190 1006 340 1058 omnia,
381 1015 460 1055 que
509 1006 731 1055 prouenire
771 1010 983 1058 poterunt,
1026 1007 1145 1045 nobis
1185 1007 1349 1045 cedent.
1404 1005 1597 1046 Ceterum
1638 1010 1790 1061 omnia,
1832 1019 1913 1058 que

73 1074 297 1114 hominibus
330 1074 484 1112 nostris
517 1073 569 1112 de
601 1075 835 1113 Kunowicz
860 1076 974 1113 circa
1006 1074 1150 1112 eadem
1184 1075 1292 1112 bona
1325 1079 1466 1113 nostra
1500 1076 1540 1113 in
1567 1076 1748 1128 pascuis,
1781 1076 1910 1128 lignis

73 1146 166 1181 sunt
197 1142 432 1194 communia,
465 1144 586 1180 erunt
619 1152 675 1180 ex
706 1153 814 1180 nunc
847 1141 1076 1180 hominibus
1109 1141 1224 1179 simul
1258 1153 1346 1180 cum
1379 1143 1479 1191 ipsis
1513 1143 1751 1181 communia.
1799 1144 1854 1182 Et
1887 1154 1911 1182 e

74 1219 276 1248 conuerso
308 1209 493 1247 homines
527 1210 657 1248 nostri
691 1209 742 1248 de
769 1209 1002 1248 Kunowicz
1037 1210 1075 1247 in
1109 1209 1293 1248 omnibus
1326 1209 1404 1248 hiis
1428 1210 1544 1248 simili
1568 1221 1655 1248 cum
1684 1210 1912 1250 hominibus

75 1277 126 1316 de
158 1276 402 1330 WVelegrad
436 1278 549 1316 circa
584 1277 693 1316 bona
726 1278 964 1316 monasterii
997 1278 1281 1316 communitate
1320 1278 1577 1330 gaudebunt.
1640 1278 1761 1317 Vnus
1802 1290 1908 1330 quo-

75 1354 152 1394 que
184 1344 308 1383 iudex
342 1345 380 1382 in
414 1343 559 1383 eodem
592 1344 715 1394 opido
749 1349 829 1384 tam
863 1356 918 1383 ex
958 1349 1075 1395 parte
1109 1346 1258 1397 nostri7
1300 1357 1418 1396 quam
1451 1347 1688 1384 monasterii
1727 1351 1768 1385 et
1807 1358 1911 1386 con-

74 1415 220 1451 uentus
259 1412 448 1462 prelibati
491 1416 556 1451 est
595 1413 872 1451 instituendus
912 1425 992 1451 non
1032 1424 1107 1463 per
1148 1426 1242 1465 nos7
1283 1413 1358 1451 sed
1408 1425 1483 1463 per
1529 1418 1795 1466 conuentum3
1842 1416 1910 1465 qui

75 1479 352 1518 nichilominus
397 1480 517 1518 nobis
557 1480 608 1519 de
649 1480 819 1533 iudicio,
853 1480 904 1519 de
944 1479 1054 1533 soro⁷
1095 1481 1146 1520 de
1189 1481 1319 1530 culpis
1358 1480 1557 1519 hominum
1599 1487 1828 1520 nostrorum
1871 1486 1913 1521 et

76 1547 255 1586 omnibus
295 1547 407 1600 aliis,
448 1558 527 1598 que
569 1559 648 1586 nos
688 1549 957 1601 contingunt,
1007 1553 1048 1587 et
1094 1549 1314 1587 conuentui
1358 1549 1409 1587 de
1450 1549 1636 1587 omnibus
1683 1549 1783 1601 hiis7
1833 1560 1912 1600 que

75 1613 200 1664 ipsum
224 1616 471 1668 contingunt
503 1615 556 1654 ab
584 1615 811 1654 hominibus
844 1618 946 1669 suis7
973 1615 1146 1655 fideliter
1171 1616 1452 1666 respondebit.
1485 1616 1642 1654 Verum
1667 1618 1914 1656 considera-

76 1683 216 1735 nimus7
249 1683 354 1734 quod
388 1684 428 1722 in
461 1684 551 1734 ipso
585 1684 732 1734 oppido
760 1686 876 1723 ciues
911 1686 1040 1723 nostri
1075 1686 1204 1723 minus
1234 1683 1496 1736 proficerent,
1529 1688 1671 1734 vtpote
1704 1685 1744 1722 in
1777 1685 1912 1723 insula

77 1751 282 1804 collocati,
321 1752 356 1790 si
398 1762 472 1802 per
509 1764 581 1790 rus
622 1754 810 1791 exterius
843 1753 1163 1792 subueccionem
1203 1764 1284 1790 non
1322 1752 1546 1804 haberent,
1585 1751 1707 1790 villas
1747 1756 1913 1792 nostras

77 1828 152 1857 seu
182 1818 290 1857 bona
322 1820 507 1870 Kunicz,
539 1820 817 1871 Lonyenczyl
848 1824 889 1859 et
920 1821 1176 1870 Minoqwicz
1208 1821 1310 1870 ipsis
1343 1819 1526 1857 dedimus
1560 1823 1601 1858 et
1633 1830 1772 1858 eorum
1811 1831 1914 1858 suc-

77 1886 333 1940 «sessoribus,
375 1898 463 1926 cum
497 1888 640 1941 agris,
673 1888 790 1926 siluis
824 1890 938 1927 circa
972 1889 1116 1927 eadem
1158 1889 1267 1927 bona
1300 1888 1598 1940 existentibus,
1639 1898 1728 1926 cum
1767 1890 1912 1942 pratis,

78 1954 242 2003 pascuis
274 1957 316 1993 et
345 1965 434 1993 cum
468 1956 654 1994 omnibus
687 1955 740 1994 ad
774 1956 942 1994 easdem
976 1957 1095 1995 villas
1130 1956 1429 2006 pertinentibus
1463 1959 1662 2005 perpetuo
1690 1957 1912 2006 possiden-

78 2018 171 2074 das,
203 2024 244 2060 et
276 2022 418 2061 eadem
451 2023 559 2062 bona
601 2023 653 2062 ab
694 2024 784 2073 ipso
825 2028 1009 2074 tempore
1051 2024 1292 2062 donacionis
1334 2034 1409 2073 per
1447 2023 1490 2061 X
1521 2035 1652 2061 annos
1695 2024 1914 2063 inmediate

79 2088 156 2127 sibi
186 2090 462 2129 succedentes
495 2092 586 2130 sine
620 2093 725 2130 omni
750 2102 881 2130 censu
907 2096 948 2130 et
980 2093 1071 2129 sine
1097 2093 1243 2142 quauis
1275 2091 1475 2128 tenebunt
1507 2092 1758 2143 exaccioiie3
1793 2090 1913 2129 finitis

79 2159 210 2195 autem
241 2158 396 2196 eisdem
427 2159 470 2197 X
502 2160 623 2198 annis
657 2159 777 2198 nobis
811 2160 1009 2198 decetero
1046 2159 1110 2197 vei
1145 2159 1371 2196 camerario
1407 2163 1546 2196 nostro
1579 2158 1760 2211 singulis
1794 2160 1913 2196 annis

79 2222 120 2261 in
149 2222 254 2263 sesto
287 2227 420 2264 sancti
453 2227 624 2266 Martini
658 2228 735 2277 ipsi
770 2228 885 2266 ciues
926 2227 977 2265 de
1018 2226 1172 2265 eisdem
1213 2226 1332 2264 bonis
1371 2236 1446 2263 seu
1480 2226 1588 2264 villis
1630 2226 1794 2264 soluent
1832 2226 1914 2264 XL

79 2302 240 2331 marcas
272 2295 440 2347 argenti
473 2295 633 2333 nomine
667 2306 834 2346 census7
869 2305 985 2344 quem
1019 2294 1113 2332 dicti
1148 2295 1263 2332 ciues
1297 2298 1489 2343 repetere
1530 2293 1684 2332 debent
1722 2297 1764 2332 et
1803 2295 1915 2332 reci-

81 2368 181 2407 pere
213 2360 265 2398 ab
299 2362 380 2414 eiS‚
414 2363 480 2413 qui
514 2363 647 2402 dictas
680 2363 801 2401 villas
835 2362 971 2400 colunt
1003 2361 1070 2399 uel
1112 2360 1358 2414 inhabitant,
1401 2362 1491 2400 siue
1531 2362 1569 2399 in
1611 2361 1767 2400 eisdem
1806 2362 1915 2400 villis

16 2438 18 2475 ;
80 2425 149 2464 vel
185 2438 273 2467 cum
313 2430 375 2468 eis
415 2430 455 2468 in
497 2430 619 2481 opido
659 2430 895 2468 residentes
934 2426 1086 2468 fuerint
1126 2434 1368 2481 memorato,
1418 2433 1460 2467 et
1501 2433 1646 2479 postea
1687 2429 1804 2468 nobis
1846 2430 1916 2468 vel

16 2485 17 2490 ¹
81 2496 305 2534 camerario
338 2501 495 2551 nostro,
527 2502 572 2537 vt
605 2498 844 2549 premissum
877 2500 955 2549 est7
987 2500 1248 2547 presentare.
1310 2497 1369 2535 Vt
1402 2497 1532 2536 eciam
1564 2498 1757 2536 nominati
1798 2498 1915 2536 ciues

17 2574 19 2608 ι
82 2564 287 2604 structure
319 2566 497 2605 ciuitatis
536 2566 605 2606 vel
644 2566 823 2616 propriis
857 2563 1028 2604 edificiis
1067 2564 1237 2604 liberius
1271 2565 1439 2605 valeant
1480 2566 1720 2618 intendere7
1759 2566 1911 2606 siluam

1642 2633 1708 2673 33
