2155 2928
96 310 294 349 hominum
328 312 433 362 etas⁷
467 320 583 360 quam
616 307 765 361 futura,
799 307 905 358 quod
938 319 1015 347 nos
1047 307 1327 346 retributionis
1360 309 1402 346 et
1425 307 1566 360 gratie
1598 305 1771 346 futurum
1805 309 1930 347 meri-

95 381 173 416 tum
214 382 511 428 exspectantes
553 378 605 415 ab
646 387 709 429 eo,
750 377 866 414 cuius
905 376 957 414 ad
998 375 1294 414 similitudinem
1334 375 1592 425 prouidentia
1631 387 1707 414 nos
1747 377 1930 416 condidit

96 449 137 484 et
168 446 351 497 redemit7
384 450 427 483 ut
458 444 638 483 heredes
663 442 789 482 faciat
822 445 945 497 regni
981 444 1057 495 sui7
1082 443 1202 481 huius
1236 443 1330 481 boni
1364 455 1446 481 non
1478 444 1732 481 immemores
1766 444 1928 482 dilectis

94 513 213 551 nobis
245 511 441 551 fratribus
474 513 642 551 claustri
675 512 857 550 ecclesie
889 512 1025 550 Mai-ie
1057 512 1098 549 in
1130 511 1253 549 Ierus
1286 523 1358 561 pro
1391 510 1571 549 remedio
1605 512 1738 549 anime
1771 516 1928 564 nostre,

93 583 136 618 et
175 583 403 618 nostrorum
441 580 685 618 remissione
729 580 1005 629 peccaminum
1046 579 1267 617 ecclesiam
1306 579 1424 616 sitam
1466 579 1506 616 in
1546 579 1642 617 uilla
1689 579 1928 618 Jlislowz'cz

94 648 333 686 contulimus
366 648 592 686 liberaliter
630 658 719 685 cum
758 648 968 684 Vniuersis
1009 647 1235 684 attinentiis
1276 649 1317 684 et
1358 647 1625 696 prouentibus
1669 647 1719 685 ad
1755 646 1929 685 eandem

93 715 409 767 pertinentibus⁷
458 725 702 765 quocunque
751 715 912 752 nomine
959 718 1225 766 censeantur7
1265 718 1464 764 perpetuo
1512 714 1816 764 possidendam.
1879 715 1929 753 In

93 783 210 820 cuius
249 780 346 820 sacti
396 782 534 834 robur7
573 783 803 820 memoriam
842 785 884 819 et
926 782 1127 819 cautelam
1166 785 1401 831 presentem
1450 783 1645 835 paginam
1685 783 1788 833 ipsis
1837 782 1926 821 dari

92 848 371 888 mandauimus
402 850 532 902 sigilli
565 850 693 887 nostri
728 850 766 887 in
799 850 1069 887 testimonium
1103 849 1349 888 charactere
1382 851 1674 889 communitum.
1714 851 1927 903 'restibus7

94 917 159 967 qui
192 916 379 964 aderant.
411 917 657 955 subnotatis.
706 916 782 964 Qui
811 922 920 969 sunt7
948 917 1111 955 Boscho
1145 918 1454 970 burchgrauius
1486 918 1927 972 Znoymensi87Zmilo

94 983 145 1022 de
176 984 396 1037 Belcowe⁷
438 988 479 1023 et
517 982 670 1023 fratres
712 985 773 1023 sui
807 985 1069 1036 Ratiborius7
1111 985 1317 1037 Ierosius7
1358 989 1398 1024 et
1436 986 1739 1039 lllarquardus7
1779 990 1821 1026 et
1859 987 1929 1025 alii

94 1062 210 1102 quam
256 1052 409 1102 plures.
478 1053 625 1091 Actum
665 1056 707 1091 et
752 1052 886 1091 datum
935 1053 1076 1091 Brune
1127 1063 1202 1101 per
1250 1065 1404 1090 manum
1452 1054 1582 1091 nostri
1629 1054 1927 1103 prothonotarii

93 1120 283 1173 magistri
309 1119 538 1158 wilhelmi.
571 1121 693 1158 Anno
721 1120 866 1158 domini
900 1121 958 1159 M.
979 1118 1066 1160 CC.
1084 1119 1196 1158 Llll.
1228 1120 1302 1158 111.
1327 1120 1424 1158 Idus
1451 1121 1552 1159 Iulii.
1580 1121 1655 1159 XI.
1680 1121 1927 1160 indictionis.

396 1216 555 1249 Marian
581 1235 619 1240 —-
643 1216 982 1249 Oestreichische
1003 1217 1204 1258 Klerisey
1227 1236 1268 1241 —-
1291 1218 1352 1249 lx.
1376 1227 1407 1259 p.
1435 1216 1521 1249 131.

903 1382 1122 1425 CXCVII.

91 1482 207 1523 Idem
247 1483 442 1536 hospitali
481 1485 741 1537 infirmormn
785 1485 993 1525 Olomnce'i
1027 1487 1098 1537 jus
1134 1488 1380 1538 patronatus
1415 1485 1645 1537 parochiae
1686 1498 1719 1525 s,
1759 1487 1928 1526 Mariae

433 1554 606 1605 confert.
669 1554 741 1592 DI.
775 1553 995 1603 Olomucz'i,
1027 1554 1162 1592 Nonis
1195 1554 1386 1603 Amyn-sti,
1427 1553 1577 1592 1253.

235 1643 431 1703 premisl
474 1664 540 1713 qui
581 1666 621 1700 et
663 1662 899 1701 Othacarus
946 1663 1012 1701 dei
1059 1664 1211 1716 gracia
1250 1663 1351 1701 Dux
1390 1663 1562 1701 Austrie
1612 1666 1653 1701 et
1693 1662 1836 1713 Stirye
1885 1667 1927 1703 et

91 1728 281 1768 Marchio
314 1730 508 1769 Morauie
540 1730 707 1768 Dilecto
740 1730 817 1768 sibi
850 1731 1021 1769 Iohanni
1055 1731 1311 1780 procuratori
1350 1731 1565 1780 hospitalis
1606 1728 1846 1770 infirmorum
1886 1733 1927 1771 in

93 1795 266 1835 olomuc
298 1798 468 1848 suisque
501 1797 820 1836 successoribus
854 1798 1157 1847 imperpetuum.
1220 1798 1333 1836 Pium
1374 1801 1439 1836 est
1478 1799 1732 1837 conueniens
1772 1803 1813 1837 et
1852 1811 1926 1837 sa-

89 1863 208 1903 lubre
241 1876 391 1915 preces
425 1875 563 1903 eorum
596 1865 784 1918 benigne
818 1869 858 1903 et
890 1863 1175 1903 fauorabiliter
1207 1866 1420 1904 admittere
1460 1867 1526 1916 qui
1566 1866 1662 1904 talia
1707 1877 1786 1916 que
1826 1878 1927 1916 pro-

90 1929 237 1970 fectum
271 1932 493 1970 mortalium
526 1932 696 1970 salutem
729 1933 949 1970 animarum
983 1936 1023 1971 et
1055 1933 1251 1971 honorem
1286 1933 1351 1971 dei
1385 1934 1610 1983 respiciunt
1636 1933 1802 1971 student
1834 1933 1925 1972 effi-

91 1999 248 2037 caciter
280 2010 523 2049 promouere
551 1998 692 2046 Quare
725 2011 813 2038 cum
847 2011 922 2049 per
955 2001 1234 2039 venerabilem
1270 2001 1307 2038 in
1334 1999 1503 2040 Christo
1536 2004 1692 2050 patrem
1726 2000 1924 2040 dominum

89 2066 324 2105 Brunonem
350 2066 660 2106 olomucensem
686 2068 920 2117 episcopum
946 2071 987 2106 et
1012 2067 1210 2106 dominum
1228 2068 1496 2107 VVilhelmum
1521 2069 1718 2107 notarium
1744 2073 1925 2107 nostrum

90 2136 132 2172 et
164 2135 361 2173 dominum
394 2134 657 2172 Bocekonem
691 2138 732 2172 et
763 2135 864 2173 alios
902 2135 1043 2184 plures
1083 2136 1196 2173 curie
1236 2140 1378 2174 nostre
1420 2135 1580 2174 nobiles
1621 2139 1662 2174 et
1701 2135 1844 2175 fideles
1885 2139 1926 2175 et

89 2212 165 2251 per
195 2205 236 2239 te
271 2202 400 2251 ipsum
434 2202 701 2251 supplicatum
735 2202 854 2240 nobis
894 2206 938 2240 vt
978 2203 1040 2240 ius
1080 2206 1323 2252 patronatus
1354 2202 1580 2254 parrochie
1611 2206 1754 2242 semele
1784 2205 1926 2242 Jlarz'e

89 2267 283 2306 conferre
323 2279 562 2306 curaremus
602 2268 654 2306 ad
695 2268 899 2319 hospitale
941 2269 1182 2308 infirmorum
1225 2271 1404 2309 ciuitatis
1446 2270 1628 2310 eiusdem
1669 2282 1745 2309 nos
1786 2282 1924 2310 eorum

88 2336 284 2385 precibus
316 2347 365 2374 ac
404 2337 484 2374 tuis
524 2336 743 2375 desideriis
783 2342 1014 2376 annuentes
1055 2338 1195 2376 damus
1236 2341 1278 2376 et
1316 2336 1564 2376 conferimus
1604 2338 1832 2377 liberaliter
1871 2338 1923 2377 ob

90 2404 373 2442 reuerenciam
406 2404 501 2442 Iesu
527 2402 682 2444 Christi
716 2408 756 2443 et
787 2405 899 2443 beati
923 2405 1118 2443 Anthonii
1151 2403 1407 2444 confessoris
1441 2409 1482 2443 et
1514 2417 1588 2455 pro
1621 2407 1754 2445 anime
1781 2410 1924 2444 nostre

89 2471 269 2509 remedio
307 2475 348 2510 et
386 2472 521 2510 salute
559 2471 751 2522 hospitali
792 2472 975 2522 predicto
1015 2473 1077 2510 ius
1117 2476 1358 2523 patronatus
1399 2473 1580 2511 ecclesie
1621 2477 1839 2512 memorate
1879 2477 1924 2512 vt

88 2537 167 2576 hoc
199 2539 239 2576 in
273 2549 321 2576 ea
355 2542 396 2577 et
427 2540 507 2577 alia
542 2540 672 2578 omnia
710 2541 751 2578 in
792 2540 1084 2589 temporalibus
1117 2541 1339 2579 attinencia
1372 2545 1572 2592 perpetuo
1599 2541 1751 2580 debeat
1782 2542 1923 2592 possi-

1604 2606 1716 2648 222*
