2155 2928
956 187 1148 246 ωεξ-

83 331 373 371 canonicorum
406 329 589 380 prandiis
630 329 672 367 in
703 325 925 367 refectorio
967 329 1189 367 interesse.
1251 327 1370 366 Alias
1409 327 1450 365 in
1490 327 1674 366 omnibus
1707 328 1811 367 aliis.
1844 340 1918 368 se-

83 399 255 438 cundum
281 399 462 437 ecclesie
486 401 629 436 nostre
656 398 720 436 ius
746 402 787 436 et
810 396 1160 435 consuetudinem.
1190 398 1231 434 et
1250 399 1293 434 ut
1315 395 1383 434 alii
1413 395 1602 433 canonici
1624 407 1672 434 se
1699 400 1918 449 gerentes,

84 465 352 508 condiximus
385 467 506 505 etiam
538 470 579 505 et
611 466 879 516 promisimus.
913 468 956 503 ut
988 469 1081 515 post
1113 465 1332 503 decessum
1364 467 1406 502 et
1444 464 1593 502 obitum
1626 464 1782 503 illorum
1816 477 1920 515 quos

83 546 159 574 nos
198 535 454 573 instituimus.
495 534 642 572 electio
683 537 724 572 et
756 534 960 572 institucio
1001 533 1124 571 cedat
1164 531 1414 582 postmodum
1457 532 1509 571 de
1549 532 1705 571 eisdem
1747 537 1921 583 quatuor

85 602 308 653 prebendis
340 602 391 640 ad
417 601 633 652 capitulum
666 601 785 651 pleno
820 601 921 639 iure.
968 601 1146 650 Insuper
1176 600 1309 639 uillam
1337 603 1517 639 nostram
1544 601 1764 640 Razlawiz
1796 602 1919 640 infla

85 670 329 720 Hocenploc
354 670 484 707 sitam.
507 669 666 707 liberali
690 669 854 719 pietatis
880 673 985 707 motu
1010 669 1061 707 ad
1086 668 1280 710 honorem
1313 668 1391 707 dei.
1420 670 1637 719 sanctique
1661 669 1920 708 VVencezlai

85 738 267 776 ecclesie
303 740 443 775 nostre
469 737 643 787 patroni.
677 748 828 787 corpus
852 737 1007 775 illarum
1033 737 1246 775 statuimus
1272 736 1586 786 prebendarum.
1636 736 1754 784 Quod
1782 742 1920 776 autem

84 805 163 844 hec
196 810 336 844 nostra
379 809 420 843 et
451 805 739 843 canonicorum
780 808 1008 843 nostrorum
1043 804 1244 842 ordinatio
1284 805 1360 842 rite
1393 802 1503 843 sacta
1536 810 1776 855 perpetuum
1808 806 1920 845 irre-

82 873 331 912 uocabiliter
363 872 560 911 sortiatur
592 871 789 911 effectum.
823 877 1057 922 presentem
1091 873 1286 925 paginam
1321 871 1372 910 ad
1407 873 1467 910 rei
1501 874 1730 911 memoriam
1765 873 1920 923 sempi-

83 945 240 980 ternam
275 940 369 978 inde
404 938 645 978 confectam.
676 940 806 978 nostri
840 943 882 978 et
914 940 1096 978 ecclesie
1128 944 1267 989 nostre
1300 940 1465 989 capituli
1497 940 1725 993 sigillorum
1759 952 1920 991 appen-

85 1008 271 1047 sionibus
304 1006 475 1046 fecimus
508 1008 753 1046 communiri.
779 1008 926 1046 Actum
955 1006 1123 1046 Olomuz
1149 1009 1188 1045 in
1222 1008 1336 1047 curia
1372 1008 1570 1057 prepositi
1602 1008 1778 1047 Nicolai.
1811 1020 1919 1048 anno

84 1075 231 1115 domini
264 1076 472 1114 millesimo
505 1075 795 1114 ducentesimo.
827 1075 920 1114 LlI.
954 1075 1020 1114 die
1053 1075 1162 1114 beati
1194 1075 1466 1114 Michahelis.

390 1181 443 1212 Ex
466 1181 659 1222 originali
682 1182 715 1212 in
736 1181 870 1212 archivo
894 1181 1024 1222 capituli
1049 1180 1343 1214 olomucensis.
1372 1199 1415 1204 —-
1436 1180 1729 1223 Apographum
1752 1183 1783 1213 in
1807 1182 1921 1214 codice

491 1230 750 1264 olomucensi
773 1232 875 1264 chart.
899 1232 943 1264 ΙΙ.
967 1232 1020 1263 fol.
1046 1232 1108 1265 54.

871 1395 1134 1437 CLXXXII.

82 1508 255 1558 Brmw,
296 1508 515 1559 episcopus
557 1506 866 1557 olomucensis,
902 1507 979 1558 jus
1025 1510 1271 1558 patronatus
1317 1506 1519 1546 ecelesiae
1563 1508 1608 1546 in
1656 1506 1921 1547 Dreslcowitz

83 1587 108 1614 α
134 1577 383 1614 monasterio
408 1575 671 1614 Kaum'censi
695 1574 929 1624 impeditum
953 1574 1157 1625 fratribus
1187 1575 1369 1614 Thomna
1393 1577 1431 1613 et
1459 1573 1668 1614 Ekhardo
1692 1575 1918 1627 αιῢαιίἰσαί.

603 1643 670 1680 Dt.
704 1641 912 1680 Kalendis
944 1641 1202 1692 Decembrisj
1243 1642 1391 1681 1252.

229 1734 393 1793 Bruno
428 1751 495 1790 dei
527 1752 677 1804 gracia
701 1750 984 1790 olomucensis
1017 1752 1238 1802 episcopus
1272 1752 1467 1792 Omnibus
1503 1756 1725 1802 presentes
1756 1753 1916 1792 litteras

83 1819 332 1870 inspecturis
365 1820 406 1858 in
438 1819 596 1858 domino
636 1819 820 1857 salutem.
883 1819 1085 1858 Nouerint
1124 1820 1308 1859 vniuersi
1349 1819 1456 1871 quod
1497 1831 1585 1858 cum
1619 1821 1725 1859 inter
1758 1832 1914 1871 prepo-

83 1888 202 1926 situm
233 1891 275 1927 et
306 1891 549 1926 conuentum
582 1887 763 1925 ecclesie
797 1886 1104 1927 Cenoma-ensis
1138 1899 1193 1926 ex
1225 1900 1307 1926 vna
1340 1892 1381 1926 et
1412 1888 1583 1926 thomam
1617 1891 1657 1926 et
1689 1888 1914 1927 ekhardum

82 1951 249 1993 fratrem
283 1967 398 1993 suum
429 1955 559 1993 laicos
593 1954 788 2004 dyocesis
820 1958 961 1993 nostre
994 1965 1050 1993 ex
1082 1959 1199 2005 parte
1232 1956 1364 1994 altera
1390 1967 1517 2006 super
1548 1957 1637 1994 iure
1670 1960 1912 2007 patronatus

84 2022 265 2061 ecclesie
297 2023 336 2060 in
362 2023 627 2060 Droscowoe'lz
659 2023 819 2072 questio
844 2025 1078 2061 uerteretur
1110 2026 1151 2061 et
1174 2023 1225 2061 ad
1248 2023 1421 2062 eandem
1439 2024 1659 2062 ecclesiam
1691 2028 1908 2063 vacantem

84 2093 125 2129 et
156 2094 326 2140 pastore
366 2094 577 2128 carentem
610 2091 867 2128 contentiose
906 2101 1005 2128 suos
1037 2091 1157 2129 nobis
1195 2091 1371 2130 clericos
1404 2095 1698 2141 presentareut
1730 2092 1916 2142 partibus

83 2160 128 2196 ut
147 2168 284 2195 coram
309 2157 425 2195 nobis
451 2162 737 2206 comparerent
762 2157 813 2195 de
839 2158 926 2195 iure
953 2169 1027 2195 suo
1052 2157 1221 2196 docture
1244 2158 1347 2197 diem
1372 2159 1481 2198 beati
1507 2159 1599 2198 luce
1625 2171 1703 2210 quo
1730 2160 1917 2199 sinodum

82 2228 263 2263 nostram
295 2224 545 2263 celebraturi
576 2222 720 2263 fuimus
761 2226 1072 2275 peremptorium
1105 2225 1291 2264 duximus
1324 2228 1553 2280 assignare
1596 2228 1636 2265 in
1671 2238 1750 2278 quo
1783 2239 1922 2266 coram

82 2291 202 2330 nobis
236 2292 445 2341 preposito
489 2292 763 2341 personaliter
795 2293 872 2330 illis
911 2303 1014 2330 vero
1048 2304 1122 2343 per
1161 2302 1467 2343 procuratorem
1500 2295 1689 2333 idoneum
1729 2299 1770 2334 et
1801 2295 1918 2334 suffi-

83 2359 244 2398 cienter
276 2360 518 2398 instructum
545 2360 875 2410 comparentibus
901 2361 1002 2399 dixit
1025 2363 1259 2410 prepositus
1290 2360 1610 2401 Conowicensis
1644 2366 1686 2401 et
1711 2365 1922 2414 proposuit

85 2426 192 2478 quod
225 2426 408 2466 ecclesia
450 2428 490 2465 in
523 2427 774 2467 droscowitz
814 2432 891 2467 tam
924 2429 965 2466 in
997 2429 1278 2478 spiritualibus
1319 2441 1435 2480 quam
1470 2431 1510 2469 in
1541 2431 1834 2481 temporalibus
1868 2432 1921 2470 ad

81 2494 186 2533 idem
226 2494 439 2533 cenobium
472 2496 698 2544 pertineret
737 2499 778 2535 et
816 2495 920 2546 quod
960 2507 1087 2546 super
1126 2508 1176 2536 eo
1217 2497 1391 2537 haberet
1424 2499 1562 2537 valida
1604 2503 1646 2538 et
1677 2498 1920 2538 sufficientia

83 2562 362 2602 instrumenta.
397 2567 664 2613 procuratore
691 2564 818 2614 partis
843 2564 1022 2604 aduerse
1052 2569 1248 2604 narrante
1273 2576 1323 2604 ac
1354 2566 1517 2606 dicente
1551 2567 1656 2618 quod
1682 2568 1743 2606 ius
1778 2573 1922 2618 patro-

1643 2634 1710 2673 20
