2155 2928
930 150 1035 192 383

64 291 157 332 vice
187 289 313 341 priori
345 301 434 329 cum
467 289 653 329 omnibus
690 290 778 329 suis
810 292 1016 344 seruicijs7
1049 293 1333 346 prouentibus,
1365 297 1406 333 et
1437 296 1682 351 attinencijs7
1715 300 1895 340 ecclesie

64 363 203 400 nostre
229 358 396 397 duxerit
421 356 714 412 conferendos,
742 359 897 398 demum
926 359 1030 398 idem
1054 361 1203 399 nobilis
1229 362 1293 399 vir
1323 363 1508 415 Beneda,
1535 375 1609 401 sue
1640 369 1894 416 prospiciens

64 427 261 468 viciniora
302 425 424 464 saluti
466 425 661 476 reliquam
702 430 857 476 partem
897 428 1030 465 tocius
1072 428 1167 466 ville
1208 428 1393 478 predicte
1433 430 1675 479 Kyrcliman
1717 435 1896 474 ecclesie

63 500 202 534 nostre
236 493 504 533 olomucensi
530 493 712 547 contulit,
746 497 787 532 et
812 494 977 546 adiecit,
1002 494 1133 533 libera
1158 496 1369 535 voluntate
1397 508 1485 535 cum
1513 499 1695 537 omnibus
1729 501 1897 556 iuribus,

64 566 104 603 et
125 561 359 612 attinencijS
385 561 621 599 eorundem.
655 566 802 612 petens
827 561 1030 600 humiliter
1062 566 1102 601 et
1126 562 1289 616 deuote,
1323 564 1428 614 quod
1455 565 1720 604 donacionem
1754 567 1897 607 huius·-

62 630 164 670 modi
196 629 442 669 auctoritate
475 633 615 668 nostra
651 628 894 669 confirmare
929 630 1137 669 vellemus,
1186 632 1274 670 Nos
1302 644 1403 670 vero
1438 634 1566 683 ipsius
1599 634 1764 673 salutari
1800 648 1897 685 pro-

63 699 193 750 posito
231 695 518 736 fauorabiliter
556 701 789 736 annuentes
829 696 933 736 seria
977 699 1115 749 quinta
1155 711 1323 753 magna,
1366 712 1445 751 que
1487 706 1551 739 est
1591 713 1696 740 cena
1738 703 1898 757 domini,

63 764 246 804 candelis
267 765 478 817 extinctis,
502 764 609 803 hanc
630 765 898 804 collacionem
921 766 997 804 sub
1021 767 1355 806 interminacione
1381 768 1651 807 anathematis
1678 770 1715 808 in
1736 771 1899 820 publica

62 837 200 873 nostre
233 832 415 872 ecclesie
457 834 647 871 stacione
681 833 870 872 duximus
910 832 1235 873 confirmandam.
1299 835 1449 875 Omnes
1486 837 1724 875 violatores.
1759 842 1799 876 et
1832 839 1897 877 in-

62 912 238 941 vasores
271 900 457 951 predicte
500 901 597 940 ville
631 904 672 939 et
703 912 866 939 suorum
908 903 1193 952 pertinentium
1226 903 1315 953 ipso
1357 902 1465 942 sacto
1505 904 1782 943 decernentes
1816 917 1896 944 ex-

63 969 433 1008 communicationis
479 968 646 1008 vinculo
686 969 921 1008 subiacere.
983 970 1046 1008 Ita
1096 970 1200 1021 quod
1242 971 1437 1023 minister7
1483 982 1559 1009 seu
1599 973 1795 1024 vicarius7
1843 971 1895 1011 ad

63 1037 195 1076 altare
224 1037 347 1076 beate
371 1037 511 1077 Mai-ie
543 1037 727 1091 virginis
753 1038 892 1076 matris
926 1037 1072 1076 domini
1101 1038 1287 1091 gloriose
1320 1039 1358 1077 in
1384 1038 1513 1077 medio
1547 1039 1727 1078 ecclesie
1755 1044 1895 1080 nostre

63 1106 192 1158 situm,
229 1105 348 1156 juxta
400 1104 505 1156 quod
547 1105 599 1144 ab
639 1106 729 1156 ipso
776 1106 841 1144 cui
882 1107 1019 1159 magis
1067 1107 1332 1144 committitur.
1373 1106 1462 1156 plus
1503 1107 1703 1159 exigitur,
1744 1112 1894 1157 quanto

64 1170 320 1224 frequentius
354 1177 395 1212 et
418 1173 662 1227 diligentius
695 1177 846 1226 potest,
876 1185 950 1224 per
983 1185 1044 1226 se,
1070 1174 1138 1212 vel
1171 1185 1244 1224 per
1269 1174 1400 1223 alium7
1422 1174 1632 1212 missarum
1657 1174 1895 1224 sollempnia

66 1241 228 1280 studeat
266 1241 501 1280 celebrare.
563 1242 639 1295 Ita⁷
682 1241 789 1292 quod
830 1246 1047 1292 antequam
1090 1243 1213 1292 prima
1252 1242 1470 1292 incipiatur
1510 1243 1548 1280 in
1588 1241 1728 1294 choro7
1768 1242 1894 1281 missa

64 1309 204 1348 eadem
236 1310 288 1349 sit
321 1308 444 1348 finita.
507 1309 628 1348 Dans
668 1309 718 1348 ad
753 1321 895 1349 manus
936 1314 1116 1362 nostras,
1150 1314 1190 1349 et
1222 1321 1297 1359 per
1335 1321 1476 1348 manus
1509 1313 1686 1362 nostras,
1720 1314 1761 1348 et
1793 1320 1893 1348 suas

64 1378 104 1417 in
137 1379 355 1429 presencia
381 1378 668 1418 olomucensis
702 1379 881 1429 capituli,
906 1378 1065 1416 Victori
1100 1377 1311 1427 capellano
1337 1377 1479 1415 altaris
1512 1377 1692 1415 eiusdem
1719 1388 1893 1426 posses-

66 1447 217 1487 sionem
251 1448 494 1499 primariam,
534 1450 575 1486 et
616 1448 837 1500 integram,
877 1458 966 1485 cum
1008 1446 1258 1497 subsidibus7
1297 1446 1468 1483 taberna
1509 1449 1550 1483 et
1590 1444 1817 1482 molendino
1852 1446 1893 1483 et

66 1515 247 1555 omnibus
294 1515 577 1567 pertinencijs,
626 1515 677 1554 ad
727 1516 860 1554 villam
911 1514 1082 1552 eandem
1132 1517 1249 1563 prout
1288 1513 1477 1562 superius
1524 1515 1588 1550 est
1635 1523 1892 1561 expressum.

63 1581 312 1634 Specialiter
351 1583 430 1622 hoc
464 1583 642 1636 adiecto,
685 1584 790 1634 quod
833 1583 936 1622 idem
970 1582 1100 1621 altare
1142 1586 1339 1619 nocturno
1372 1587 1552 1629 tempore
1585 1579 1770 1628 lampade
1803 1589 1893 1630 cum

64 1650 167 1704 oleo,
198 1662 274 1702 per
306 1651 562 1702 capellanum
589 1652 718 1702 ipsius
752 1652 895 1690 altaris
929 1654 970 1688 et
995 1660 1267 1688 successores
1301 1648 1480 1686 eiusdem
1514 1651 1711 1696 perpetuo
1746 1646 1892 1683 illumi-

62 1722 192 1758 netur.
252 1719 308 1759 Et
346 1719 454 1770 quod
486 1720 526 1758 in
568 1720 855 1758 anniuersario
888 1718 996 1757 bone
1029 1718 1218 1755 memorie
1250 1715 1506 1767 Mai-quardi7
1539 1714 1725 1752 canonici
1759 1724 1893 1763 quon-

64 1785 151 1826 dam
191 1787 372 1826 ecclesie
411 1792 568 1840 nostre,
608 1786 673 1838 filij
717 1787 900 1826 eiusdem
943 1786 1087 1824 domini
1136 1784 1304 1823 Benede
1352 1782 1560 1821 duodecim
1602 1781 1809 1820 denarios.
1852 1782 1893 1818 et

63 1855 257 1894 candelas
296 1856 460 1895 totidem
503 1856 607 1894 idem
648 1856 890 1906 capellanus
923 1858 1112 1893 teneatur
1150 1851 1311 1891 offerre.
1374 1851 1461 1889 Nos
1501 1860 1603 1888 vero
1638 1850 1739 1899 pium
1773 1858 1891 1900 opus⁷

63 1926 104 1964 et
132 1922 316 1962 affectum
348 1937 462 1963 sunm
495 1924 754 1977 laudabilem⁷
795 1925 834 1962 in
869 1923 1026 1961 domino
1061 1920 1403 1971 commendantes,
1443 1921 1630 1955 statutum
1665 1914 1891 1954 huiusmodi

64 1993 304 2031 auctoritate
344 1992 568 2045 ordinaria,
609 1993 650 2031 in
691 1993 853 2030 nomine
893 1990 1037 2029 domini
1079 1987 1370 2027 confirmamus.
1428 1986 1482 2024 Et
1526 1995 1610 2037 ego
1645 1982 1816 2022 Beneda
1850 1983 1891 2019 in

63 2059 232 2098 euidens
264 2059 385 2099 huius
417 2060 658 2098 collacionis
692 2070 781 2098 mee
815 2059 1009 2098 videlicet
1046 2058 1168 2095 totius
1202 2055 1295 2093 ville
1329 2055 1366 2092 in
1399 2053 1641 2103 kyrclnnan7
1675 2063 1762 2088 cum
1803 2049 1890 2087 suis

63 2128 313 2179 pertinentijs
352 2128 563 2167 Vniuersis
602 2132 647 2166 vt
688 2128 728 2166 in
769 2127 845 2165 hac
888 2124 1213 2164 confirmacionis
1246 2123 1403 2174 pagina
1446 2120 1604 2170 plenius
1637 2118 1889 2169 exprimitur,

62 2193 103 2235 in
132 2197 398 2238 testimonium
438 2200 480 2235 et
511 2197 800 2246 sempiternam
839 2195 1067 2234 memoriam
1107 2192 1284 2244 sigillum
1318 2200 1443 2228 meum
1484 2188 1559 2238 ipsi
1600 2188 1757 2240 pagine
1791 2185 1892 2224 iussi

64 2265 222 2314 apponi.
283 2265 340 2305 Et
380 2276 456 2304 nos
496 2264 824 2304 Bartholomeus.
870 2263 1065 2301 decanus.
1109 2258 1349 2297 Hei-bordus
1398 2256 1644 2306 prepositus.
1688 2254 1891 2306 magister

63 2329 299 2382 Stephanus
323 2333 679 2385 archidyaconus3
712 2333 866 2382 Symon
891 2334 1043 2369 custos.
1070 2328 1273 2379 magister
1294 2324 1515 2363 Iohannes.
1540 2327 1580 2361 et
1605 2321 1890 2372 Heydolphus.

64 2397 350 2454 znoymensiS,
384 2405 425 2440 et
450 2401 746 2440 Prerouiensis
771 2396 1063 2437 archidiaconi.
1095 2394 1284 2434 Alexius.
1310 2391 1637 2431 Bai-tholomeus,
1669 2389 1890 2430 Sdezlaus.

29 2464 361 2527 ‚olomucense-s
401 2470 604 2522 canonici,
647 2472 688 2506 vt
729 2467 859 2506 omnia
900 2466 938 2503 in
981 2464 1058 2502 liae
1106 2463 1261 2514 pagina
1303 2458 1627 2499 confirmacionis
1668 2468 1890 2509 expressa⁷

66 2536 273 2587 perpetuis
312 2537 352 2576 in
386 2537 568 2577 ecclesia
608 2540 749 2576 nostra
782 2532 1031 2585 temporibus
1065 2531 1353 2570 obseruentur.
1385 2528 1566 2582 sigillum
1599 2527 1728 2566 eciam
1760 2525 1890 2564 nostri
