2155 2928
1168 190 1237 232 68

270 337 586 390 progenitorum
630 335 699 374 uel
748 333 1095 385 predecessorum
1142 332 1422 371 concessione
1470 330 1604 370 libera
1650 331 1764 382 prius
1813 332 1995 384 exempti
2038 316 2118 390 εθνΞ

271 407 394 446 etiam
427 415 508 443 non
541 403 722 453 exempti
755 401 932 441 fuerant.
966 402 1165 440 decetero
1199 400 1251 439 de
1283 402 1429 439 nostre
1462 400 1629 449 pietatis
1652 399 1941 453 magnitudine
1974 398 2117 450 eman-j

270 474 402 525 cipari
436 473 598 523 plenius
631 471 914 510 dinoscantur.
980 470 1036 508 Vt
1068 469 1148 507 hec
1187 466 1387 506 firmitatis
1421 468 1552 506 robur
1584 467 1810 508 obtineant.
1843 471 1887 507 et
1919 465 2116 523 perpetuo

271 544 466 581 maneant
497 541 762 580 inconcussa.
804 542 948 577 nostre
979 537 1122 590 sigillo
1162 536 1444 575 beniuolentie
1485 535 1673 574 duximus
1713 539 1922 576 eternare.
1984 537 2115 579 Huius

272 610 335 649 rei
367 613 501 649 testes
527 619 582 647 ex
613 610 733 658 parte
759 609 903 645 nostra
935 607 1044 644 sunt.
1072 603 1268 644 videlicet
1299 603 1486 644 dominus
1508 604 1793 644 Hartmannus
1824 605 1959 644 abbas
1983 608 2115 646 totus-³

271 688 353 730 que
386 679 617 716 conuentus
650 686 726 714 suo
760 674 904 713 ordine
945 672 997 712 de
1028 671 1281 726 Welgerat.
1314 672 1516 712 Dominus
1555 671 1764 725 Woytioh
1797 673 2034 724 prepositus
2065 673 2113 731 de

271 745 527 785 Doboronik.
560 743 744 782 lei-hnev
771 741 1027 780 camerarius
1060 744 1216 780 noster.
1241 740 1442 780 Dominus
1474 740 1694 780 Rutscbke
1727 741 1844 780 miles
1877 741 1930 780 de
1961 741 2113 788 Stella-2

271 815 368 854 nitz.
403 813 587 852 dominus
614 808 829 851 Gotfridus
862 809 914 848 de
942 809 1215 848 Ramenstein
1248 809 1394 848 dictus.
1428 809 1503 847 Ian
1532 808 1585 848 de
1618 808 1940 849 Grvnenberch.
1974 809 2113 851 Hei-tic

272 880 378 920 filius
410 881 599 920 XVecen.
625 877 740 917 lurik
772 876 876 916 filius
901 877 1222 916 Prieborowitz.
1269 877 1338 916 Ex
1364 880 1484 928 parte
1508 888 1611 916 uero
1636 877 1801 916 abbatis
1825 880 1868 918 et
1889 881 2107 918 conuentus

273 948 547 991 Gradicensis
581 947 677 985 dicti
717 946 956 985 monasterii
988 949 1084 985 sunt
1122 946 1190 984 hii.
1223 945 1422 985 videlicet
1460 946 1646 985 dominus
1685 946 1903 1000 wittego.
1936 943 2111 987 domium

272 1016 429 1058 Cerho.
468 1019 509 1054 et
554 1013 685 1053 frater
726 1015 856 1064 ipsius
903 1014 1088 1053 dominus
1136 1013 1377 1055 Seliastolo.
1426 1014 1613 1054 dominus
1660 1014 1887 1054 Zvdemer.
1935 1014 2111 1057 dominus·

271 1085 433 1125 Zlawo.
467 1083 532 1122 W
536 1082 671 1121 {sehet
698 1082 862 1121 villicus
896 1082 948 1121 de
980 1083 1091 1133 Kyo.
1125 1085 1166 1121 et
1191 1082 1327 1122 Ottelo
1361 1081 1464 1121 filius
1488 1084 1648 1122 sororis
1680 1084 1878 1123 eiusdem.
1911 1082 2109 1134 Sepanus

271 1157 313 1193 et
344 1153 465 1202 Wo)
470 1155 536 1190 etz
576 1149 680 1190 filius
714 1150 911 1190 eiusdem.
950 1151 1113 1190 Raden.
1153 1151 1297 1192 Hirzo.
1338 1152 1406 1202 qui
1439 1155 1534 1190 sunt
1575 1163 1717 1190 omnes
1750 1151 1803 1190 de
1835 1151 1946 1202 Kyo.
1979 1154 2021 1191 et
2052 1151 2109 1192 ali]

271 1232 386 1273 quam
421 1220 575 1271 plures.
616 1230 785 1270 quorum
817 1219 883 1258 hic
926 1231 1007 1258 non
1040 1223 1134 1258 sunt
1167 1219 1329 1258 nomina
1370 1223 1552 1258 anotata.
1616 1220 1726 1260 Acta
1765 1223 1861 1259 sunt
1900 1219 1979 1260 hee
2012 1221 2109 1260 ann·

271 1289 419 1329 domini
451 1288 688 1329 Millesimo.
723 1285 1322 1329 CC.XL.V11.1ndictione
1355 1288 1540 1338 septima
1573 1288 1692 1327 XIII.
1717 1287 1937 1330 Kalendas
1968 1266 2108 1368 Martii?

580 1387 634 1419 Ex
658 1387 854 1429 originali
879 1385 1027 1428 ejusdem
1051 1387 1248 1420 monasterii.
1274 1404 1315 1409 -
1339 1384 1402 1418 Sin·
1379 1386 1488 1428 gillum
1512 1385 1669 1422 avulsum

1119 1553 1279 1597 XCIV.

274 1657 481 1709 premysl,
513 1657 704 1696 marchio
729 1658 964 1709 Morsu-iae,
998 1657 1216 1710 adjudicat
1238 1659 1282 1697 in
1301 1657 1471 1710 judicio
1502 1657 1680 1696 Brunae
1710 1655 1848 1696 Izabilo
1871 1656 2096 1697 monasteri

308 1725 366 1764 ml
396 1738 429 1764 s.
462 1725 640 1765 Petrum
675 1725 886 1768 Olomucii
917 1726 1062 1765 villam
1094 1726 1277 1767 Slalina.
1341 1727 1413 1765 Dr.
1445 1725 1636 1777 Brumae,
1676 1724 1748 1765 1⁷1.
1780 1725 1883 1765 Kal.
1916 1725 2092 1778 Aprilis,

1130 1793 1282 1834 1247.

442 1887 503 1947 In
528 1906 691 1945 nomine
715 1911 862 1945 sancte
890 1908 932 1945 et
957 1905 1166 1945 indiuidue
1192 1904 1387 1944 trinitatis
1416 1915 1549 1944 amen.
1584 1903 1787 1952 Qvoniam
1819 1914 1899 1955 que
1916 1907 2099 1958 geruntn¹

274 1974 315 2013 in
346 1977 533 2025 tempore
566 1985 619 2013 ne
653 1974 844 2014 labantur
877 1985 967 2013 cum
999 1978 1197 2024 tempore.
1233 1984 1414 2012 necesse
1447 1977 1513 2012 est
1546 1983 1599 2012 ea
1631 1973 1864 2012 testimonio
1899 1975 1941 2012 et
1973 1971 2093 2012 litteri

271 2042 488 2082 roborare.
551 2042 619 2082 Ad
667 2042 944 2082 resecandum
990 2043 1123 2096 igitur
1170 2042 1304 2080 tocius
1351 2041 1637 2094 ambiguitatis
1685 2040 1932 2092 scrupulum.
1979 2050 2092 2080 noso:

271 2113 352 2150 tam
390 2121 568 2161 presens
608 2111 812 2150 hominum
851 2107 958 2150 etas.
1001 2122 1120 2161 quam
1159 2110 1201 2148 in
1234 2107 1403 2150 Christo
1443 2108 1581 2148 futura
1621 2110 1859 2160 posteritas.
1900 2109 2008 2161 quod
2047 2119 2091 2148 nc

270 2179 466 2218 Premizl
496 2179 564 2218 dei
591 2180 732 2230 ‚qratia
756 2179 955 2218 Jlarclzio
997 2179 1207 2218 Mor-auae.
1240 2178 1500 2217 wencezlai
1533 2178 1668 2229 quarti
1699 2177 1822 2231 regis
1854 2176 2095 2217 Bobemoru³

273 2244 377 2286 filius
425 2259 515 2286 cum
556 2248 894 2298 presedissemus
941 2247 1092 2287 iudicio
1133 2257 1262 2297 super
1311 2246 1525 2285 decisione
1564 2246 1647 2285 litis
1686 2256 1767 2297 que
1806 2245 1916 2284 inter
1956 2248 2101 2294 sorore)

274 2314 560 2354 olomuc-enses
600 2316 652 2355 de
690 2318 835 2355 saneto
872 2318 992 2368 petro
1039 2327 1096 2355 ex
1135 2327 1219 2354 una
1265 2318 1397 2366 parte.
1439 2317 1482 2354 et
1520 2317 1698 2365 nepotes
1739 2313 1887 2354 domini
1930 2299 2100 2370 Semizlj.

272 2381 468 2422 Zauisam
500 2384 696 2424 uidelicet
738 2388 779 2424 et
810 2383 981 2424 fratrem
1019 2384 1109 2423 eius
1143 2394 1199 2422 ex
1239 2383 1372 2423 altera
1414 2393 1543 2434 super
1580 2382 1718 2422 uillam
1756 2382 1918 2422 nomine
1951 2380 2101 2431 Zlaliz}

273 2453 509 2489 uerteretur
543 2452 662 2492 dictis
688 2453 906 2492 sororibus
932 2452 1237 2491 asserentibus.
1266 2455 1310 2490 et
1334 2451 1513 2490 testibus
1539 2461 1680 2490 earum
1706 2450 1816 2490 uelle
1841 2437 2104 2500 probantibu'.-

275 2517 384 2568 quod
418 2519 479 2556 eis
513 2519 698 2559 dominus
730 2521 966 2561 Seinizlaus
1000 2521 1145 2560 dictam
1187 2520 1323 2560 uillam
1355 2519 1602 2558 contulisset
1634 2519 1675 2557 in
1707 2529 1874 2558 suorum
1906 2515 2101 2559 remedium

277 2589 551 2635 peccatorum.
586 2587 683 2626 dicti
707 2599 810 2628 uero
843 2592 1020 2640 nepotes
1046 2589 1196 2628 domini
1227 2587 1427 2630 Semizlai
1452 2588 1702 2627 contrarium
1734 2585 1988 2627 asserebant
2019 2576 2100 2637 qut'l
