2155 2928
985 134 1191 196 *332

962 273 1310 316 CCCXXXVII.

220 375 486 425 Anslielmus,
536 371 809 412 Warmiensis
846 370 1081 420 episcopus,
1126 366 1239 405 sedis
1277 365 1532 417 apostolieae
1574 365 1748 416 legatus,
1791 365 2057 408 olomucensi

221 445 422 483 ecclesiae
462 440 739 492 iudulyente‘as
771 436 1046 489 ᾳααάιημὶηῖα
1080 434 1245 473 dierum
1287 433 1486 473 coneedit.
1553 434 1621 473 Dt.
1663 433 1884 486 Olomucz'i,
1917 436 1961 474 in
1992 435 2058 476 die

933 502 1143 554 Paschae,
1183 501 1334 541 1262.

362 602 633 661 Anshelmus
687 615 959 654 miseracione
1007 613 1145 652 diuina
1194 612 1477 652 VVarmiensis
1526 612 1749 663 episcopus
1794 612 1909 652 sedis
1955 625 2057 664 apo-

220 689 365 728 stolice
408 689 575 740 legatus
616 684 824 722 vniuersis
859 680 1014 722 Christi
1049 679 1237 719 fidelibus
1271 691 1346 731 per
1378 681 1584 719 ciuitatem
1619 685 1661 720 et
1702 680 1912 731 dyocesim
1953 681 2057 722 Olo-

218 768 449 795 mucensem
483 753 713 792 constitutis
747 751 784 788 in
819 750 964 789 salutis
997 753 1170 788 auctore
1203 749 1389 789 salutem.
1454 746 1684 799 Cupientes
1726 749 1831 802 quod
1877 750 2057 790 ecclesia

218 825 258 863 in
293 823 466 863 Olomuc
497 825 686 870 tanquam
719 822 848 857 mater
881 828 960 869 que
994 828 1135 856 omnes
1168 817 1272 856 alias
1312 820 1352 855 in
1386 816 1649 857 olomucensi
1683 817 1857 868 dyocesi
1890 819 2058 858 excellit

219 892 422 930 ecclesias
455 888 656 941 congruis
689 886 873 926 omnibus
908 886 1054 924 diebus
1088 885 1300 924 dominicis
1343 888 1384 924 et
1416 883 1575 924 festinis
1609 884 1898 937 frequentetur
1930 886 2057 925 homi-

217 959 337 998 nibus
377 962 417 996 et
448 955 761 1006 frequentantes
801 955 1024 993 animarum
1064 965 1229 993 suarum
1269 954 1441 993 salutem
1484 952 1661 992 feliciter
1705 954 1854 993 ibidem
1887 957 2058 994 auctore

217 1027 374 1065 domino
403 1027 724 1074 consequantur.
772 1023 839 1062 Ad
874 1022 980 1074 quod
1009 1020 1164 1063 Christi
1198 1020 1342 1062 fideles
1369 1022 1650 1075 indulgenciis
1677 1023 1794 1073 quasi
1819 1022 2058 1074 quibusdam

215 1094 403 1133 illectiuis
437 1092 633 1131 inducere
666 1091 871 1130 credimus
904 1094 946 1130 et
977 1102 1204 1141 speramus.
1268 1091 1358 1130 Nos
1392 1091 1443 1129 de
1477 1091 1762 1142 omnipotentis
1796 1090 1862 1130 dei
1896 1092 2060 1130 miseri-

216 1161 357 1201 cordia
391 1164 431 1199 et
458 1161 668 1199 beatorum
702 1160 816 1198 Petri
845 1162 885 1197 et
917 1159 1035 1216 Pauli
1063 1159 1339 1209 apostolorum
1375 1160 1464 1197 eius
1490 1160 1737 1198 auctoritate
1763 1157 1905 1198 confisi
1930 1159 2059 1198 omni-

216 1231 292 1269 bus
332 1240 433 1268 vere
477 1228 754 1279 penitentibus
798 1232 838 1266 et
878 1225 1084 1266 confessis
1126 1229 1191 1278 qui
1234 1227 1407 1266 eandem
1448 1227 1669 1266 ecclesiam
1709 1228 1748 1266 in
1789 1227 1854 1266 dei
1899 1229 2059 1267 nomine

217 1309 266 1337 ac
301 1298 338 1335 in
372 1298 514 1348 spiritu
548 1296 781 1335 humilitatis
814 1297 1076 1335 accesserint
1109 1296 1255 1334 diebus
1283 1296 1495 1334 dominicis
1529 1300 1570 1335 et
1601 1294 1762 1334 festinis
1790 1295 1927 1334 diuine
1961 1307 2059 1347 pro-

218 1367 456 1418 piciacionis
489 1366 679 1419 graciam
714 1366 891 1415 petituri.
925 1365 1018 1404 XL.
1044 1365 1134 1403 dies
1168 1364 1219 1402 de
1247 1365 1428 1403 iniuncta
1462 1364 1538 1403 sibi
1567 1365 1790 1415 penitentia
1825 1365 2058 1403 relaxamus

218 1434 480 1486 presentibus
513 1437 712 1484 perpetuo
746 1433 898 1474 robore
930 1434 1133 1474 valituris.
1195 1433 1347 1475 Datum
1380 1431 1548 1475 Olomuc
1581 1432 1622 1472 in
1655 1431 1722 1472 die
1753 1431 1904 1472 Pasce.
1935 1432 2058 1472 Anno

218 1503 367 1543 domini
398 1502 459 1542 M.
492 1499 580 1547 CC.
614 1502 752 1542 Lxl-l.

521 1600 552 1634 E
576 1600 717 1633 codice
740 1598 995 1635 olomucensi
1018 1601 1121 1634 chart.
1145 1600 1198 1633 sol.
1223 1599 1285 1632 41.

953 1764 1321 1809 CCCXXXVIII.

220 1868 412 1910 Urbanus
433 1881 544 1920 papa
569 1870 648 1909 IV.
672 1874 763 1908 rato
788 1868 925 1908 habito
958 1869 1136 1909 divortio
1159 1871 1274 1921 reqis
1299 1869 1502 1908 Boe’mz'ae
1533 1868 1711 1908 Otalcari
1735 1871 1854 1919 atque
1876 1869 2057 1919 Mar-qa-

216 1935 370 1987 remae,
419 1949 512 1976 cam
550 1937 691 1977 eodem
738 1950 838 1989 ‘rege
877 1939 1046 1990 ejusque
1090 1950 1199 1977 nova
1238 1939 1416 1989 conjaye
1453 1936 1713 1988 Kuniqande
1751 1936 1977 1988 dispensat,
2015 1937 2060 1974 ut

217 2006 571 2055 consanqainz‘lale
609 2009 648 2044 el
683 2007 884 2059 affinitate
922 2018 1065 2045 eorum
1106 2017 1189 2045 non
1228 2005 1409 2044 obstante
1451 2006 1494 2044 in
1542 2007 1751 2044 cono-acco
1796 2004 2057 2044 matrimonio

392 2073 501 2112 licite
531 2078 782 2114 remaneant.
846 2076 917 2116 Dt.
959 2073 1140 2124 {sitm-bii,
1174 2074 1279 2117 XII.
1313 2073 1535 2117 Kalendas
1568 2074 1691 2125 Maji,
1731 2072 1881 2113 1262.

355 2165 574 2225 Vrbanus
608 2185 832 2236 episcopus
865 2196 1016 2225 seruus
1048 2196 1264 2226 seruorum
1297 2184 1377 2223 dei.
1441 2182 1670 2225 Carissimo
1703 2184 1744 2222 in
1777 2181 1945 2224 Christo
1977 2179 2055 2221 filio

219 2250 414 2291 Ottacaro
449 2254 544 2306 regi
577 2254 745 2292 Boemie
778 2254 922 2293 illustri
955 2255 1127 2295 salutem
1168 2258 1208 2293 et
1248 2252 1517 2304 apostolicam
1548 2252 1891 2292 benedictionem.
1954 2248 2056 2291 Cum

218 2330 391 2358 summus
425 2319 608 2370 pontifex
641 2322 801 2361 collatis
834 2323 913 2361 sibi
947 2324 987 2362 in
1020 2334 1201 2373 persona
1235 2322 1274 2360 b.
1308 2321 1421 2360 Petri
1456 2321 1508 2359 ab
1543 2332 1593 2359 eo
1627 2320 1693 2371 qui
1735 2323 1880 2359 eterna
1913 2318 2053 2370 proui-

220 2384 355 2424 dentia
389 2388 559 2427 celestia
593 2393 633 2428 et
665 2394 835 2431 terrena
874 2391 1053 2441 disponit
1085 2391 1273 2429 olauibus
1317 2390 1443 2443 regni
1476 2389 1645 2429 celestis
1678 2388 1837 2442 ligandi
1873 2387 2054 2426 obtineat

221 2452 459 2502 pontificium
494 2461 533 2494 et
565 2458 751 2496 soluendi
786 2470 1081 2510 nonnumquam
1115 2471 1242 2509 supra
1276 2460 1339 2498 ius
1373 2458 1424 2497 de
1457 2458 1546 2497 iure
1579 2457 1830 2507 dispensans
1863 2454 2053 2495 necessi-

220 2521 314 2560 tatis
361 2522 561 2562 vinculum
606 2537 684 2577 quo
731 2526 780 2567 ad
830 2527 959 2579 ipsius
1007 2528 1107 2566 iuris
1165 2527 1471 2566 obseruantiam
1518 2526 1655 2566 cuncti
1702 2528 1895 2565 tenentur
1941 2524 2054 2563 laxat
