2155 2928
962 162 1060 202 105

88 315 167 356 que
198 303 507 343 transeuntibus
544 303 583 342 in
616 306 730 342 terre
771 305 918 342 sancte
950 302 1176 341 subsidium
1214 302 1254 341 in
1286 302 1483 356 generali
1516 302 1693 342 concilio
1726 306 1791 343 est
1823 315 1927 343 con-

86 383 222 411 cessa.
254 373 408 411 Datum
433 371 651 425 Lugduni⁷
674 371 791 410 VIII.
815 371 914 410 Idus
937 371 1169 409 Februarii.
1202 369 1472 410 Pontificatus
1498 371 1629 410 nostri
1657 382 1764 410 anno
1790 375 1926 411 sexto.

392 478 520 519 Lunig
541 496 584 501 ——
605 477 904 509 Reichsarchiv
927 477 1023 509 XIX.
1047 485 1124 518 pag.
1149 474 1238 508 686.

870 647 1140 690 CXXXVII.

255 741 380 800 Idem
425 760 524 813 regi
570 760 846 799 Romanorum
892 759 1057 813 scribit7
1110 762 1154 799 ut
1200 770 1371 799 uxorem
1419 759 1669 799 marchionis
1716 759 1926 800 Badensis

86 826 380 876 (Gerlrudem)
412 827 465 866 de
496 827 647 866 ducatu
678 828 879 866 Austriae
911 828 1119 866 investiat.
1168 828 1238 867 Dt.
1270 827 1485 882 Lugduni.)
1516 828 1658 867 Idibus
1690 829 1927 881 Februarii.

93 894 243 934 1249.

392 991 576 1032 Palacky
597 1010 640 1015 —
662 992 784 1024 Reise
806 1002 838 1033 p.
862 990 925 1024 33.
948 1010 991 1015 --
1013 1001 1030 1024 e
1053 993 1235 1034 Regesto
1259 993 1488 1025 Innocentii
1512 994 1608 1035 epist.
1631 991 1721 1025 336.

861 1164 1151 1206 CXXXVIII.

85 1274 248 1325 Brenno,
282 1275 502 1326 episcopus
536 1274 840 1327 olomucensis,
881 1274 1006 1316 Gallo
1038 1275 1090 1315 de
1119 1275 1382 1327 Lb'wenberq
1411 1275 1586 1328 feudum
1616 1277 1661 1315 in
1694 1275 1858 1317 chotun
1890 1279 1929 1316 et

87 1341 270 1381 Pretoka
309 1344 354 1381 in
383 1343 563 1382 Βοέιηὶα
604 1343 779 1395 confert.
828 1344 934 1383 Acta
967 1346 1006 1382 et
1035 1344 1089 1382 dt.
1122 1345 1166 1383 in
1194 1342 1434 1395 „Gunela’g
1474 1344 1596 1384 ῘἸΙΙ.
1628 1344 1732 1384 Kal.
1763 1345 1926 1396 Martii,

934 1411 1084 1451 1249.

222 1501 386 1560 Bruno
427 1519 492 1558 dei
527 1520 669 1573 gratia
709 1520 997 1560 Olomucensis
1031 1521 1265 1572 episcopus.
1328 1521 1554 1560 Vniuersis
1586 1521 1694 1560 hanc
1727 1522 1925 1575 paginam

86 1587 334 1637 inspecturis
366 1588 406 1625 in
440 1587 599 1626 domino
632 1588 818 1627 salutem.
880 1589 936 1629 Ut
977 1599 1028 1627 ea
1061 1599 1141 1639 que
1182 1600 1259 1639 per
1289 1600 1366 1627 nos
1406 1589 1705 1629 deliberatione
1737 1590 1927 1640 prouida.

87 1658 129 1693 et
158 1655 448 1694 recordatione
488 1655 620 1708 digna
653 1659 873 1708 geruntur.
913 1667 1116 1706 processu
1156 1658 1352 1707 temporis
1385 1668 1465 1696 non
1507 1657 1622 1696 tollat
1660 1657 1824 1696 obliuio.
1857 1661 1929 1696 aut

87 1723 369 1773 questionibus
402 1720 559 1761 friuolis
593 1724 861 1762 immutentur.
895 1725 1061 1774 scriptis
1089 1725 1308 1762 autenticis
1341 1725 1576 1763 censuimus
1608 1725 1760 1763 utiliter
1792 1736 1927 1763 anno-

85 1791 177 1829 tari.
238 1791 476 1841 Eapropter
524 1789 576 1828 ad
615 1791 867 1840 presentium
915 1795 956 1830 et
995 1789 1219 1830 futurorum
1265 1793 1452 1842 presenti
1500 1792 1659 1845 pagina
1706 1793 1924 1845 dirigimus

86 1857 347 1896 intellectum.
380 1857 485 1908 quod
521 1869 596 1897 nos
625 1858 784 1897 domino
819 1857 938 1898 Gallo
972 1858 1023 1897 de
1048 1858 1357 1898 Lewenberch.
1389 1860 1478 1898 uiro
1504 1860 1629 1898 nobili
1662 1863 1703 1899 et
1726 1865 1926 1899 strennuo

87 1936 319 1976 morumque
351 1925 573 1964 honestate
597 1926 803 1976 preclaro.
838 1937 956 1977 quem
983 1927 1215 1965 meritorum
1246 1939 1411 1966 suorum
1434 1928 1576 1981 gratia
1610 1928 1729 1966 nobis
1760 1932 1927 1981 gratum

86 1993 295 2031 constituit
334 1996 375 2031 et
416 1997 631 2043 acceptum
670 1992 769 2032 fecit
808 1994 877 2032 illa
919 2005 1038 2044 quam
1077 1995 1191 2032 circa
1229 2006 1306 2033 nos
1339 1996 1456 2048 gerit
1495 1997 1681 2034 amicicia
1714 1996 1926 2047 specialis.

87 2059 190 2099 duas
222 2061 342 2099 uillas
382 2061 421 2098 in
453 2061 653 2099 Bohemia
692 2062 794 2099 sitas
829 2059 993 2101 Cothun
1032 2062 1226 2101 uidelicet
1266 2066 1307 2101 et
1346 2063 1569 2102 Prethoca.
1609 2065 1699 2102 iure
1732 2064 1926 2114 pheodali

87 2138 175 2166 cum
206 2129 414 2166 uniuersis
447 2139 587 2166 earum
619 2129 843 2167 attinentiis
883 2130 1124 2168 contulimus
1157 2130 1385 2169 liberaliter
1424 2134 1465 2169 et
1496 2131 1686 2170 libenter.
1749 2133 1928 2182 Insuper

87 2194 271 2234 decimas
306 2195 413 2234 villis
453 2196 542 2233 suis
574 2196 614 2234 in
653 2197 845 2235 Morauia
885 2198 989 2235 sitis.
1028 2195 1196 2236 Lessen
1236 2198 1432 2238 uidelicet
1463 2202 1504 2237 et
1536 2199 1707 2238 aliarum
1738 2200 1926 2238 uillarum

86 2261 182 2301 huic
222 2262 465 2313 proprietati
505 2274 581 2302 sue
623 2264 888 2303 attinentium.
929 2276 1008 2315 que
1050 2268 1193 2304 nostre
1237 2265 1440 2305 debentur
1480 2267 1676 2305 ecclesie.
1715 2268 1794 2317 ipsi
1835 2269 1927 2306 iure

87 2329 327 2368 contulimus
360 2333 590 2379 prenotato.
651 2331 707 2370 Et
738 2335 782 2370 ut
811 2331 892 2370 hec
924 2331 1050 2371 robur
1088 2333 1301 2373 obtineant
1333 2332 1543 2373 firmitatis.
1578 2339 1813 2385 presentem
1845 2347 1924 2386 pa-

88 2397 229 2449 ginam
270 2408 398 2446 super
443 2408 493 2436 eo
533 2399 754 2438 conscribi.
799 2402 841 2438 et
878 2399 1009 2453 sigilli
1054 2402 1186 2439 nostri
1226 2402 1440 2441 munimine
1487 2403 1681 2441 iussimus
1720 2403 1926 2442 roborari.

87 2464 196 2502 Acta
238 2469 332 2503 sunt
372 2464 451 2503 hec
488 2466 529 2504 in
570 2465 744 2505 Gauela.
781 2479 888 2506 anno
929 2467 1076 2506 domini
1116 2469 1323 2508 millesimo
1373 2470 1654 2509 ducentesimo
1702 2470 1925 2510 XLVIIII.

72 2529 203 2570 -vllL
242 2531 444 2571 kalendas
490 2532 647 2572 Martii.
709 2534 983 2575 Presentibus
1029 2536 1108 2574 hiis
1154 2538 1344 2576 testibus.
1387 2538 1531 2577 Vlrico
1579 2538 1630 2577 de
1678 2539 1762 2577 alta
1807 2537 1924 2592 sago.

1659 2606 1721 2644 14
