2155 2928
926 141 1032 183 309

873 281 1091 325 CCCXX.

62 375 253 420 Urbanus
282 387 395 427 papa
421 375 498 415 11⁷.
531 376 681 414 eximit
698 376 920 427 religiosos
951 378 1113 417 ordinis
1136 390 1168 417 s.
1194 376 1424 430 Sepulchri
1448 376 1499 416 de.
1523 377 1704 417 Zde'raz
1731 390 1898 418 eornm-

59 456 135 497 que
164 443 363 482 ecelesias
396 456 421 482 a
441 443 741 495 jurisdictione
773 446 959 496 episcopi
993 445 1293 485 olomucensis.
1356 446 1428 485 DI.
1468 445 1652 497 risen-bii,
1692 446 1763 486 1‘1.
1795 447 1898 485 Kal.

821 514 945 565 Maje‘,
985 514 1136 553 1261.

200 601 415 662 Urbanus
463 621 686 672 episcopus
727 633 877 662 seruus
917 634 1127 662 seruorum
1169 623 1248 663 dei.
1310 622 1487 662 Dilectis
1530 620 1620 662 filiis
1653 651 1664 661 .
1698 651 1707 661 .
1742 651 1752 661 .
1786 622 1897 661 Pre-

57 690 203 743 posito,
243 692 285 728 ct
322 687 518 727 fratribus
559 689 701 728 domus
748 690 950 730 Dominici
991 692 1211 742 Sepulchri
1255 691 1306 730 de
1345 691 1513 731 Sderuz
1553 691 1709 730 ordinis
1750 690 1897 730 Sancti

58 758 283 811 Augustini
324 757 561 810 Pragensis
602 750 783 796 diocesis
823 759 995 797 salntem
1037 765 1077 798 et
1117 760 1383 810 apostolicam
1423 759 1746 797 bendiccionem.
1810 759 1894 797 Pro

56 837 103 866 re
141 824 373 864 delectabili
414 828 456 863 et
496 825 673 863 iocunda
714 826 910 879 ducimus,
957 832 1000 865 ut
1046 839 1133 866 cuin
1177 828 1267 866 loca
1315 827 1450 865 diuino
1492 827 1627 865 dicata
1671 827 1795 865 cultui
1840 838 1895 866 ex

56 897 261 946 potestate
293 893 411 932 nobis
445 893 638 932 diuinitus
678 894 873 932 attributa
912 895 1184 945 multipliciter
1217 895 1425 933 honorare
1458 896 1675 945 possimus,
1709 900 1893 933 sanctam

22 960 27 962 ”
55 962 417 1002 lerosolimitanam
440 961 674 1014 ecclesiam,
708 966 749 1000 et
780 963 977 1000 uniuersa
1010 963 1101 1001 loca
1135 963 1296 1001 subdita
1331 963 1423 1015 sibi,
1457 962 1507 1001 de
1533 964 1649 1000 cuius
1673 963 1892 1015 regimine,

54 1029 152 1069 licet
188 1030 385 1082 immeriti,
424 1027 570 1068 fuimus
613 1029 666 1068 ad
706 1030 933 1080 apostolice
975 1030 1189 1084 dignitatis
1233 1029 1441 1083 fastigium
1483 1031 1659 1082 euocati,
1702 1030 1892 1083 graciosi

56 1096 212 1137 fauoris
243 1108 411 1136 munere
445 1108 754 1148 prosequamur.
801 1097 917 1137 Sane
951 1099 1099 1148 peticio
1127 1105 1270 1137 vestra
1293 1099 1410 1137 nobis
1432 1098 1616 1136 exhibita
1639 1098 1890 1151 continebat,

57 1165 160 1217 quod
193 1166 290 1204 licet
329 1166 368 1204 in
408 1166 619 1218 ecclesiis,
660 1177 764 1216 quas
804 1167 841 1204 in
878 1165 1167 1205 olomucensis
1208 1168 1368 1204 cirilule
1401 1179 1450 1204 ac
1492 1165 1650 1204 diocese·
1682 1166 1889 1219 obtinetis,

58 1245 132 1286 per
163 1232 315 1273 fratres
349 1234 490 1273 domus
531 1238 675 1272 vestre
716 1234 989 1284 presbyteros
1032 1235 1333 1273 consueueritis
1375 1246 1396 1273 a
1430 1238 1626 1285 tempore,
1660 1235 1775 1271 cuius
1809 1245 1891 1272 non

57 1302 197 1342 existit
228 1302 433 1352 memoria,
475 1300 619 1340 facere
652 1302 815 1341 seruiri.
878 1302 1147 1341 Venerabilis
1186 1307 1319 1340 tamen
1360 1300 1490 1340 frater
1531 1307 1674 1340 noster
1714 1301 1889 1340 Olomu-

57 1371 192 1409 censis
225 1372 448 1421 episcopus
476 1382 554 1409 vos
579 1381 708 1421 super
735 1370 812 1409 hoc
839 1371 1037 1409 interdum
1070 1371 1271 1422 molestat,
1306 1382 1378 1420 pro
1412 1381 1488 1408 sne
1521 1370 1633 1408 libitu
1665 1369 1889 1408 voluntatis

55 1438 96 1477 in
127 1442 321 1491 vestrum,
349 1450 398 1478 ac
432 1438 614 1478 eiusdem
648 1439 787 1477 domus
812 1439 1091 1489 preiudicitnn,
1125 1443 1164 1477 et
1186 1440 1313 1489 ipsius
1341 1438 1522 1476 ecclesie
1546 1436 1888 1489 lerosolimitane,

54 1506 104 1545 ad
146 1518 263 1558 quam
309 1505 471 1558 prefata
519 1507 658 1546 domus
702 1507 820 1557 pleno
862 1508 949 1546 iure
993 1508 1183 1559 pertinet,
1232 1519 1309 1544 non
1357 1506 1552 1544 modicum
1594 1505 1888 1544 detrimentum.

54 1573 158 1623 Quia
200 1586 301 1614 vero
344 1576 421 1613 iam
461 1575 572 1614 dicta
617 1576 798 1614 ecclesia
842 1587 929 1614 cum
976 1575 1159 1614 omnibus
1208 1576 1294 1613 suis
1342 1574 1529 1612 membris
1570 1573 1620 1611 ad
1660 1574 1886 1611 Romanam

54 1643 273 1682 ecclesiam
315 1643 424 1682 nullo
464 1645 642 1694 pertinet
680 1644 898 1697 mediante,
938 1655 1014 1682 nos
1053 1644 1180 1694 ipsam
1221 1643 1410 1681 volentes
1450 1642 1570 1692 plena
1605 1641 1885 1691 exempcionis

51 1710 242 1751 libertate
274 1712 484 1766 gaudere,
518 1717 560 1751 ut
592 1714 632 1751 in
665 1712 785 1751 dictis
819 1712 1012 1751 ecclesiis
1046 1713 1151 1750 sicut
1183 1711 1399 1762 hactenus,
1439 1711 1499 1748 sic
1533 1714 1573 1748 et
1606 1710 1644 1748 in
1678 1717 1886 1759 posterum

51 1790 127 1830 per
148 1779 373 1819 huiusmodi
407 1779 560 1819 fratres
596 1781 762 1832 possitis
795 1779 938 1819 facere
973 1780 1189 1831 deserturi,
1224 1779 1524 1817 nonobstante
1549 1777 1885 1816 contradiccione

49 1849 266 1888 temeraria
299 1847 445 1899 prefati
473 1850 687 1902 Episcopi,
720 1849 840 1888 vobis
874 1849 1119 1887 auctoritate
1154 1848 1410 1898 presencium
1445 1845 1720 1898 indulgemus.
1769 1845 1883 1885 Sen-

51 1917 212 1955 teucias
252 1922 385 1956 autem
425 1919 726 1970 suspensionis,
766 1922 835 1956 aut
868 1917 1084 1969 interdicti,
1124 1916 1192 1954 vel
1234 1915 1688 1966 excommunicacionis,
1729 1913 1763 1951 si
1802 1923 1882 1963 que

49 1989 216 2035 propter
247 1985 324 2024 hoc
357 1986 397 2024 in
430 1997 521 2037 vos,
554 1986 621 2025 vel
643 1986 817 2037 aliquem
850 1990 1032 2024 vestrum
1066 1996 1141 2035 per
1171 1984 1342 2022 eundem
1376 1983 1627 2034 episcopum,
1661 1985 1731 2020 aut
1762 1981 1882 2020 alium

51 2051 101 2091 de
132 2053 319 2092 mandato
352 2055 442 2093 eius
474 2054 737 2108 promulgate
770 2053 934 2105 suerint,
969 2064 1024 2091 ex
1056 2064 1163 2091 nunc
1197 2052 1458 2091 decernimus
1481 2051 1633 2103 irritas,
1657 2054 1698 2088 et
1721 2050 1881 2088 inanes.

48 2119 155 2160 Nulli
195 2132 302 2175 ergo
343 2123 502 2161 omnino
542 2122 741 2161 hominum
782 2123 906 2161 liceat
948 2121 1054 2160 hanc
1093 2121 1286 2174 paginam
1322 2123 1464 2158 nostre
1497 2117 1798 2170 concessionis,
1841 2119 1883 2156 et

49 2189 344 2229 constitutionis
376 2189 626 2244 infringere,
669 2191 735 2229 vel
775 2191 813 2229 ei
853 2201 955 2228 ausu
996 2189 1214 2227 temerario
1255 2188 1476 2226 contraire.
1545 2186 1592 2227 Si
1625 2186 1715 2237 quis
1748 2189 1882 2224 autem

47 2255 126 2296 hoc
163 2262 405 2309 attemptare
439 2260 750 2311 presumpserit,
789 2258 1124 2311 indignacionem
1158 2256 1441 2305 omnipotentis
1475 2254 1555 2307 dei,
1589 2258 1629 2292 et
1667 2254 1880 2292 beatorum

49 2323 162 2364 Petri
202 2330 243 2365 et
281 2326 398 2366 Pauli
439 2327 713 2378 apostolorum
754 2327 843 2365 eius
885 2336 933 2364 sc
973 2325 1134 2363 nouerit
1174 2326 1442 2363 incursurum.
1511 2323 1661 2362 Datum
1700 2321 1880 2361 Viterbii

58 2391 133 2432 VI.
162 2393 377 2434 Kalendas
409 2395 525 2435 Maii.
587 2393 856 2434 Pontificatus
888 2394 1019 2432 nostri
1051 2404 1158 2432 anno
1192 2393 1331 2444 primo.

351 2493 513 2526 Dobner
535 2512 577 2517 —
598 2492 849 2525 Monumenta
871 2491 929 2524 IV.
951 2488 1041 2523 267.
