2155 2928
1085 182 1286 241 100*ψ

218 331 314 370 tatis
346 330 528 369 seruicia
559 332 765 379 promptos
797 334 961 374 semper
993 322 1153 362 habere
1185 321 1390 372 possimus
1428 325 1470 360 et
1503 326 1684 372 paratos.
1717 323 1824 374 quod
1857 335 2053 376 nusquam

218 396 381 437 facilius
422 396 589 436 efficere
636 404 850 446 possumus
898 403 1015 442 quam
1060 390 1097 428 si
1139 389 1294 427 nostris
1342 389 1458 438 ipsos
1497 390 1727 429 serenitate
1766 392 1878 445 regii
1919 393 2053 434 uultus

219 466 474 517 precedente
506 461 718 502 beneficiis
753 460 1024 511 preuenimus.
1086 457 1176 495 Nos
1209 457 1340 509 igitur
1371 454 1580 495 fidelitatis
1612 461 1756 497 uestre
1789 458 2054 502 deuocionem

220 545 338 586 quam
371 544 479 585 erga
506 535 684 570 nostram
718 530 981 568 incessanter
1009 536 1227 575 personam
1260 524 1412 576 geritis
1438 525 1552 563 iuxta
1584 525 1834 565 nobilitatem
1866 538 1947 578 qua
1978 540 2052 568 nos

221 602 421 641 exaltauit
453 600 519 638 alti
545 599 682 651 gloria
715 595 937 648 sanguinis
967 595 1084 643 prout
1117 592 1236 630 nobis
1265 594 1306 630 et
1338 602 1458 642 quam
1483 592 1667 642 pluribus
1700 594 1862 643 plenius
1894 599 2053 636 constat

220 669 354 709 mundi
388 667 636 718 principibus
660 664 883 703 studiosius
909 660 1186 700 attendentes.
1234 656 1511 699 Concedimus
1533 661 1653 700 uobis
1685 665 1728 700 ut
1759 660 1890 701 sorum
1921 673 2053 703 rerum

221 737 424 776 uenalium
450 735 555 786 qnod
581 737 645 772 est
673 733 712 770 in
737 730 928 770 Jleneins
954 729 1176 768 reducatur
1201 738 1257 765 ex
1281 738 1389 766 nunc
1416 728 1457 767 in
1480 728 1615 768 uillam
1637 732 1820 769 uestram
1838 729 2054 771 Schezans

222 806 329 843 sicut
370 802 442 842 suit
474 803 525 840 ab
563 801 728 851 antiquo
762 801 803 837 et
843 796 990 835 ibidem
1023 796 1064 834 in
1104 799 1345 846 perpetuum
1378 794 1491 835 firma
1532 797 1756 836 stabilitate
1798 803 2054 849 perseueret.

223 873 263 911 in
303 873 418 910 cuius
458 871 517 909 rei
559 867 786 907 memoriam
826 865 1114 914 sempiternam
1156 867 1378 914 presentes
1416 864 1578 904 litteras
1619 865 1883 905 concedimus
1915 865 2054 920 sigillo

222 943 364 979 nostre
397 936 649 977 celsitudinis
683 933 945 972 concedimus
986 932 1224 986 insignitas.
1286 933 1396 972 Acta
1436 935 1532 972 sunt
1562 933 1642 972 hec
1680 934 1722 972 in
1752 934 1927 974 Brvnna
1958 945 2056 986 pre-

222 1007 409 1046 sentibus
434 1005 496 1043 liis
522 1003 707 1043 testibus.
741 1001 930 1041 Alberto.
957 1001 1168 1051 preposito
1194 1001 1330 1039 sancti
1355 1000 1470 1040 Petri
1502 1002 1543 1040 in
1573 1002 1758 1041 Brvnna.
1791 1002 2055 1043 Erkffllberto

222 1074 441 1113 burcrauio
482 1072 532 1110 dc
571 1070 900 1112 Starkenbercb.
948 1070 1164 1108 Borscone
1206 1069 1434 1108 marscalco
1480 1073 1635 1110 nostro.
1683 1069 1821 1110 Geros
1861 1072 2056 1122 pincerna

223 1147 377 1182 nostro.
418 1140 605 1193 vaone
645 1142 686 1177 et
726 1137 876 1178 Geros.
916 1135 1113 1177 fratribus
1154 1136 1206 1175 de
1247 1137 1585 1176 Waldenberch.
1640 1138 1842 1189 Hyrzone
1884 1139 2056 1190 coquine

222 1215 361 1250 nostre
394 1209 608 1261 magistro.
642 1210 683 1245 et
715 1207 806 1245 aliis
840 1217 956 1257 quam
989 1205 1186 1256 pluribus.
1248 1205 1401 1244 Datum
1433 1216 1508 1257 per
1540 1218 1699 1245 manum
1730 1207 1922 1260 magistri
1953 1206 2057 1246 Dio-

222 1280 326 1318 nisii.
386 1275 773 1329 &vissegradensis
822 1274 1021 1325 prepositi
1067 1274 1194 1327 regni
1238 1275 1369 1312 nostri
1417 1274 1669 1314 cancellarii.
1743 1275 1867 1314 Anno
1913 1273 2059 1315 domini

226 1346 285 1387 Μ.
318 1343 405 1387 CC.
438 1344 637 1384 xm'lll.
669 1343 745 1382 ΙΙΙ.
778 1342 869 1382 idus
904 1342 1150 1381 decembris.
1211 1342 1441 1382 Indictione
1473 1342 1675 1382 secunda.

530 1451 583 1484 Ex
606 1450 795 1491 originali
819 1450 848 1480 in
873 1449 1007 1480 archivo
1031 1448 1179 1480 eodem.
1206 1466 1249 1472 —
1275 1449 1357 1480 Item
1386 1449 1417 1481 in
1446 1448 1658 1481 codicibus
1684 1448 1913 1481 Cremsiriensi
1934 1449 1975 1483 E.
1998 1448 2057 1481 111.

634 1504 666 1533 et
690 1500 948 1533 olomucensi
971 1501 997 1532 1.
1021 1500 1151 1533 membr,
1175 1500 1230 1531 fol.
1255 1498 1315 1531 17.

1030 1677 1253 1721 CXXXII.

227 1784 492 1824 Innocentius
530 1796 642 1837 papa
681 1783 760 1824 IV.
803 1783 853 1823 0.
886 1781 1097 1822 cardinali
1136 1783 1285 1833 leyato,
1324 1783 1369 1820 ut
1398 1780 1608 1834 dispenset
1638 1792 1731 1820 cum
1772 1781 1929 1833 Ulrico,
1960 1779 2061 1820 duce

230 1852 471 1893 Corinthiae
502 1856 540 1891 et
561 1852 865 1903 mecha-icam,
899 1853 937 1889 et
960 1851 1117 1901 Aynetc
1149 1851 1295 1889 relicta
1327 1849 1447 1888 ducis
1470 1850 1668 1889 Ausa-iae
1700 1848 1752 1888 de
1783 1848 2060 1888 contrahendo

323 1922 599 1972 nuttrimonw,
630 1920 811 1959 mandat.
875 1921 946 1959 De.
979 1919 1196 1970 Laydnni,
1230 1918 1352 1958 ΧΙἸ.
1386 1918 1488 1957 Kal.
1522 1916 1784 1969 Decembris,
1823 1916 1973 1958 1248.

397 2012 676 2072 Innocentius
716 2032 937 2082 episcopus
978 2040 1128 2069 seruus
1177 2040 1391 2068 seruorum
1433 2028 1512 2068 dei.
1575 2028 1819 2068 Venerabili
1859 2026 1977 2068 fratri
2014 2026 2060 2068 0.

231 2103 375 2138 sancte
406 2100 543 2139 Marie
576 2100 616 2138 in
651 2100 826 2138 vialata
859 2099 1032 2137 diacono
1062 2097 1274 2150 cardinali7
1306 2097 1550 2147 Apostolice
1574 2096 1700 2137 Sedis
1731 2096 1917 2150 Legato,
1949 2095 2060 2135 salu-

229 2170 307 2206 tem
341 2171 381 2207 et
413 2168 677 2219 apostolicam
715 2167 1059 2206 benedictionem.
1123 2164 1225 2206 Cum
1265 2165 1372 2204 sicut
1403 2165 1642 2204 carissimus
1681 2165 1723 2204 in
1755 2162 1922 2205 Christo
1963 2162 2060 2202 filius

232 2240 373 2274 noster
404 2264 414 2274 .
447 2265 456 2275 .
489 2236 657 2275 illustris
689 2248 772 2274 rear
804 2237 990 2285 Βσρηιὶρ,
1024 2246 1074 2274 ac
1099 2234 1273 2273 dilectus
1306 2231 1409 2272 filius
1437 2233 1585 2272 nobilis
1617 2234 1683 2272 vir
1715 2261 1725 2272 .
1758 2261 1768 2271 .
1802 2232 1886 2271 dux
1907 2231 2061 2271 Karin-

231 2302 314 2341 thie
346 2304 463 2343 nobis
496 2302 739 2357 significare
763 2306 1029 2357 curauerunt7
1062 2303 1113 2342 de
1139 2301 1422 2349 contrahendo
1455 2302 1706 2340 matrimonio
1739 2301 1846 2340 inter
1878 2300 2061 2340 dilectum

239 2367 353 2408 filium
398 2372 573 2410 nobilem
621 2373 750 2411 virum
794 2373 978 2411 Vlricum
1025 2374 1161 2410 natum
1206 2371 1337 2421 ipsius
1386 2370 1517 2422 ducis7
1566 2373 1607 2409 et
1648 2369 1823 2409 nobilem
1861 2368 2059 2407 mulierem

237 2438 508 2491 A.(gnetem]
548 2440 730 2479 relictam
769 2440 970 2491 quondam
1002 2468 1012 2478 .
1045 2468 1054 2477 .
1088 2439 1205 2477 ducis
1244 2440 1415 2478 Austrie
1454 2439 1508 2477 sit
1538 2440 1768 2491 tractatum,
1808 2439 1903 2488 quia
1934 2435 2061 2474 dictus

240 2504 294 2542 V.
339 2507 457 2545 tertio
499 2506 701 2547 affinitatis
742 2508 881 2562 gradu
925 2509 978 2547 A.
1020 2508 1226 2561 contingit
1265 2506 1452 2559 eandem⁷
1491 2517 1573 2545 non
1611 2506 1726 2557 prius
1772 2504 1976 2544 duxerunt
2011 2501 2062 2541 ad

240 2570 577 2613 confirmationem
617 2577 745 2626 ipsius
784 2576 1020 2616 matrimonii
1066 2575 1384 2627 procedendum,
1425 2586 1544 2625 quam
1588 2585 1715 2625 super
1752 2573 1831 2613 hoc
1870 2579 2062 2611 recursus
