2155 2928
1101 190 1210 250 „⁷872

1117 329 1232 372 CXI.

263 440 472 492 Pfemysl,
505 438 695 478 marchio
728 437 962 485 Mol-ariae,
996 433 1129 473 dotem
1161 432 1364 471 ecclesiae
1395 430 1431 470 b.
1463 429 1693 471 Michaelis
1725 430 1914 481 Brunae,
1945 430 1990 470 in
2018 443 2094 483 qua

288 520 400 547 mmc
430 508 589 560 fratres
622 505 786 545 ordinis
818 502 1173 543 Praedicatorum
1205 500 1435 538 oratorium
1467 501 1808 550 construxerunt,
1842 499 2067 552 confirmat.

938 572 1009 610 DI.
1043 569 1233 617 Brunae,
1275 566 1426 608 1247.

430 666 491 727 In
523 684 684 723 nomine
718 681 865 721 domini
899 690 1030 718 amen.
1090 679 1147 720 Ut
1180 678 1332 718 nostris
1364 677 1618 728 temporibus
1652 679 1781 730 gesta
1812 677 1970 717 immota
2002 689 2094 728 per-

259 758 464 806 maneant7
504 756 545 791 et
589 763 640 790 ne
686 750 737 788 de
776 749 903 788 rebus
951 747 1106 785 decisis
1154 747 1339 800 arbitrio⁷
1384 747 1454 786 vel
1494 747 1702 785 sententia
1742 746 1879 796 aliqua
1926 746 2095 788 iudiciali

261 822 560 871 determinatis,
609 820 755 857 iterum
795 815 1027 865 calumpnia
1068 816 1201 865 possit
1248 816 1418 868 exoriri,
1467 814 1604 853 solent
1651 814 1877 853 litterarum
1917 814 2095 855 custodia

261 891 499 940 mancipari.
561 887 707 926 Notum
749 885 880 938 igitur
913 882 1086 922 facimus
1126 884 1336 922 vniuersis
1369 886 1448 922 tam
1491 882 1758 934 presentibus
1793 893 1911 934 quam
1943 880 2097 937 suturis,

261 959 369 1010 quod
402 968 478 996 nos
512 954 713 996 Premis-l,
748 953 813 991 dei
848 953 991 1005 gratia
1031 951 1221 990 nearcln’o
1254 952 1464 1001 „nm-aute,
1504 950 1776 1004 Wenceslai,
1810 950 1952 1000 inclyti
1984 951 2098 1005 regis

263 1027 397 1078 quarti
432 1024 614 1075 Boemie7
641 1020 760 1074 filins⁷
794 1020 845 1059 ad
877 1021 1113 1071 petitionem
1146 1020 1284 1058 dilecti
1316 1019 1521 1070 capellani
1554 1019 1685 1058 nostri
1708 1017 1868 1058 Albertz'
1900 1017 1951 1057 de
1975 1021 2100 1059 monte
2152 1058 2153 1063 ,

263 1106 297 1132 s.
333 1093 452 1132 Petri
483 1092 527 1130 in
557 1090 740 1128 Brumm
765 1093 853 1128 tres
886 1089 1032 1128 laneos
1060 1099 1149 1127 cum
1182 1087 1413 1127 molendino
1448 1091 1490 1127 et
1522 1087 1719 1139 quosdam
1752 1087 1987 1137 piscatores
2018 1097 2100 1126 cum
2152 1078 2153 1084 ¹

261 1163 440 1213 ipsorum
483 1159 711 1198 attinentiis
759 1158 800 1196 in
840 1157 1069 1208 Zet-itania,
1118 1158 1232 1196 iuxta
1280 1157 1492 1196 Brunnam
1533 1157 1627 1209 sita,
1668 1156 1734 1207 qui
1775 1155 1825 1194 ad
1867 1153 2100 1195 beneficium

264 1227 440 1280 dapIseri
481 1227 758 1280 pertinebant,
801 1237 905 1277 quos
948 1226 1069 1264 etiam
1111 1225 1294 1264 marchio
1336 1223 1470 1264 felicis
1511 1224 1718 1278 memorie,
1757 1226 1928 1274 patruus
1967 1226 2102 1263 noster
2151 1244 2153 1248 v

262 1297 455 1338 premisl
487 1297 526 1334 in
560 1295 988 1345 recompensationem
1022 1294 1206 1332 ecclesie
1248 1305 1282 1332 s.
1315 1292 1558 1341 Michaelis
1598 1291 1678 1331 filie
1711 1292 1896 1331 ecclesie
1928 1303 1962 1330 s.
1994 1291 2101 1331 Petri
2150 1294 2151 1305 ¹

264 1366 315 1405 de
348 1368 482 1404 monte
516 1363 626 1402 dicte
666 1363 798 1401 eidem
832 1362 1016 1415 contulit7
1057 1365 1098 1401 et
1129 1362 1255 1400 beate
1297 1362 1489 1400 memorie
1523 1360 1708 1399 dominus
1747 1360 1975 1414 Rubertus,
2008 1359 2102 1400 010-
2150 1383 2151 1412 ss

264 1434 471 1474 mucensis
505 1433 728 1483 episcopus
760 1443 835 1470 suo
871 1431 1094 1484 priuilegio
1128 1441 1204 1480 per
1236 1429 1484 1468 sententiam
1517 1429 1950 1468 excommunicationis
1984 1427 2102 1468 robo-
2150 1424 2151 1452 ἶ

264 1503 385 1554 rauit7
427 1503 467 1540 in
507 1512 588 1553 qua
630 1511 739 1539 nunc
781 1500 919 1538 dilecti
957 1500 1117 1551 fratres
1163 1498 1326 1537 ordinis
1368 1497 1694 1536 Prede‘calorwn
1741 1497 1970 1536 oratorium
2007 1506 2102 1535 cow-
2149 1487 2151 1510 ³

265 1572 527 1620 struxerunt,
554 1568 696 1608 damus
731 1567 864 1607 eidem
891 1567 1074 1606 ecclesie
1108 1570 1149 1606 et
1172 1566 1438 1606 concedimus
1466 1565 1653 1618 predicta
1681 1565 1804 1618 bona7
1829 1562 2103 1604 confirmamus

265 1639 397 1678 libere
430 1637 697 1688 possidenda.
760 1637 826 1676 Ne
860 1637 951 1687 quis
984 1639 1119 1675 autem
1152 1646 1445 1675 successorum
1486 1638 1715 1672 nostrorum
1750 1633 1858 1672 hanc
1891 1636 2105 1672 commuta-

266 1708 415 1747 tionem
457 1706 598 1746 valeat
640 1703 891 1758 infringere7
938 1708 1176 1756 presentem
1215 1705 1415 1757 paginam
1460 1702 1684 1755 conscribi7
1732 1704 1774 1741 et
1813 1701 1942 1755 sigilli
1981 1699 2104 1740 nostri
2148 1688 2149 1693 ¹

265 1775 480 1814 munimine
513 1772 685 1815 fecimus
718 1774 920 1812 roborari.
983 1773 1118 1812 Huius
1151 1776 1285 1811 autem
1317 1772 1380 1810 rei
1411 1774 1546 1810 testes
1579 1774 1694 1809 sunt:
1734 1769 1887 1810 Witko
1921 1769 1973 1808 de
2004 1779 2104 1809 noua

267 1843 395 1883 domo.
428 1843 544 1883 Milic
578 1845 620 1881 et
658 1842 750 1884 Idik
782 1840 913 1881 frater
946 1841 1050 1881 eius.
1089 1840 1254 1879 Pardus
1288 1840 1559 1878 camerarius.
1600 1837 1715 1878 Oerli
1755 1838 2015 1877 castellanus
2056 1835 2104 1876 de

268 1910 509 1951 Meidverk.
541 1910 691 1950 Artleb
734 1913 776 1949 et
813 1911 943 1949 Ianec
982 1907 1115 1949 frater
1155 1909 1258 1947 eius.
1298 1907 1568 1948 usillielinus.
1607 1906 1807 1947 Andreas
1846 1905 2105 1958 camerarius,

270 1982 311 2018 et
343 1979 464 2018 Avus
497 1977 629 2019 frater
661 1979 764 2019 eius.
796 1977 1029 2029 Marquard
1070 1977 1122 2016 de
1156 1975 1456 2017 Cinnenwerk.
1496 1975 1665 2016 Ulricus
1699 1975 1803 2015 ciuis
1842 1972 2106 2014 Brunnensis.

269 2047 469 2100 Arlauus7
510 2048 614 2086 ciuis
656 2047 842 2087 eiusdem
875 2047 1053 2086 ciuitatis
1087 2048 1128 2084 et
1161 2043 1314 2083 Crucis
1354 2044 1586 2097 burgensis
1599 2042 1669 2094 [22]
1703 2043 1909 2097 magister
1939 2043 2105 2082 monete.
2144 2035 2145 2043 ¹

274 2115 381 2154 Acta
423 2119 518 2154 sunt
558 2116 638 2155 hec
679 2127 788 2154 anno
830 2115 977 2154 domini
1019 2112 1332 2155 MCCXLVH.
1393 2113 1546 2154 Datum
1583 2113 1624 2152 in
1665 2112 1836 2153 Brunna
1869 2122 1944 2164 per
1973 2118 2105 2151 manus

274 2183 532 2223 Prisnoborii
565 2184 681 2223 curie
714 2187 858 2223 nostre
891 2183 1053 2223 notarii.

578 2290 608 2323 E
633 2291 753 2331 copia
775 2290 913 2331 simplici
937 2290 1122 2320 monasterii
1146 2287 1305 2330 qnondam
1328 2287 1667 2320 praedicatorum
1690 2288 1860 2319 Brunae.
1888 2305 1931 2310 —
1960 2286 1995 2317 In
2017 2292 2106 2325 apo-

681 2341 837 2382 grapho
872 2342 903 2371 in
935 2341 1135 2372 Pessinae
1164 2340 1296 2371 Marte
1325 2339 1542 2372 Moravico
1579 2357 1621 2363 —
1653 2342 1726 2370 tom.
1756 2339 1800 2370 11.
1831 2336 1910 2370 MS.
1938 2355 1980 2361 —-
2007 2344 2101 2368 annus

684 2391 951 2426 MCCXXXIX.
977 2401 1113 2424 erronee
1133 2392 1296 2424 scribitur.
