2155 2928
1105 190 1211 230 258

234 342 421 377 nostram
452 338 567 375 circa
600 338 837 380 Mor-auam,
870 345 895 372 a
926 331 1110 371 terminis
1142 329 1326 369 eiusdem
1357 329 1465 380 opidi
1502 340 1638 382 vsque
1671 331 1721 369 ad
1749 332 1943 371 terminos
1975 333 2073 375 ville

234 407 498 458 piscatorum7
533 415 612 455 que
646 404 792 442 dicitur
827 400 1035 449 Coslelan,
1069 409 1158 436 cum
1192 398 1470 448 piscatoribus
1510 398 1549 436 in
1591 399 1682 448 ipsa
1722 403 1841 449 parte
1880 401 2074 442 residen-

235 475 344 513 tibus
377 473 560 512 dedimus
594 471 760 510 eisdem.
806 469 1011 507 Volentes
1044 467 1189 518 eciam,
1222 469 1267 504 vt
1298 463 1443 504 fideles
1477 466 1606 504 nostri
1640 477 1716 517 per
1748 477 1824 505 nos
1863 466 2075 518 proficiant

237 543 278 580 in
310 542 567 591 vniuersum7
607 549 708 577 ecce
741 536 979 575 indulsimus
1019 533 1181 572 dilectis
1214 533 1376 572 ciuibus
1414 534 1592 587 nostris,
1626 534 1735 584 opidi
1769 536 1993 589 prenotati,
2031 540 2074 578 vt

237 610 357 648 annis
390 608 570 660 singulis
611 604 738 644 sorum
778 602 956 642 annuale
995 601 1177 640 debeant
1215 601 1257 640 in
1295 612 1373 640 sua
1414 603 1583 641 ciuitate
1623 601 1784 642 habere
1816 602 1947 642 XIIII
1985 603 2073 644 dies

239 681 331 727 post
363 674 508 714 festum
540 674 649 711 beati
683 671 926 722 Michaelis3
959 669 1064 707 idem
1096 667 1226 708 forum
1260 669 1350 708 dies
1381 669 1509 708 XIIII
1547 670 1782 724 inchoabit,
1825 671 1916 710 dies
1946 671 2073 712 XIIII

236 744 359 782 stabit
394 746 435 781 et
466 742 555 780 dies
588 740 712 779 XIIII
745 738 1062 790 consumabitur‚
1096 740 1143 776 vt
1175 738 1214 775 in
1247 737 1402 776 ceteris
1442 738 1679 777 ciuitatibus
1719 742 1784 778 est
1823 743 2075 779 consuetum.

235 812 336 850 Item
370 821 509 849 omnes
541 808 592 846 ad
626 809 700 845 iam
728 806 875 844 dictum
903 803 1031 843 forum
1058 806 1277 844 venientes
1303 805 1567 844 omnimodam
1592 806 1824 845 libertatem
1852 806 2074 859 habebunt,

236 879 291 916 ita
325 877 429 928 quod
463 877 554 914 sine
587 875 690 912 omni
724 874 888 912 teloneo
921 873 974 912 ad
1007 874 1138 924 ipsum
1171 872 1300 912 forum
1333 874 1517 926 venient,
1550 874 1719 913 stabunt
1750 874 1899 913 ibidem
1931 877 1973 914 et
2004 886 2073 915 re-

237 945 400 997 cedent7
434 956 506 993 pro
540 953 615 981 sue
648 942 759 979 libito
795 941 1031 980 voluntatis.
1082 942 1182 981 Item
1215 942 1444 995 statuimus⁷
1469 944 1516 981 vt
1546 942 1615 980 via
1647 942 1825 996 publica,
1861 953 1940 993 que
1973 953 2074 982 con-

235 1013 323 1051 dam
357 1022 431 1061 per
463 1012 640 1059 Kunycz
673 1009 831 1048 directe
873 1010 1086 1048 transitum
1128 1010 1291 1062 babuit7
1334 1021 1441 1048 nunc
1474 1020 1552 1060 per
1584 1010 1713 1060 ipsam
1754 1011 1962 1050 ciuitatem
2000 1022 2074 1051 seu

236 1080 502 1118 municionem
545 1077 742 1115 decetero
783 1078 968 1115 vninersi
1011 1081 1279 1116 transeuntes
1329 1088 1439 1116 nunc
1486 1079 1548 1116 ire
1595 1077 1796 1131 debeant,
1848 1090 1927 1117 nec
1973 1079 2074 1118 alias

232 1144 400 1184 flectere
435 1146 512 1183 iter
543 1157 673 1197 suum⁷
707 1145 811 1182 alias
844 1155 950 1195 pena
979 1145 1116 1184 debita
1149 1146 1379 1195 punientur.
1419 1146 1519 1184 Item
1544 1146 1730 1185 volumus
1759 1150 1801 1186 et
1823 1146 2072 1200 mandamus,

235 1218 277 1252 vt
310 1211 415 1251 infra
456 1213 612 1251 miliare
654 1213 832 1251 ciuitatis
866 1213 1054 1263 predicte
1093 1214 1202 1253 nulla
1235 1214 1411 1253 taberna
1445 1214 1607 1264 penitus
1640 1214 1857 1254 habeatur.
1906 1215 2074 1255 Demum
2148 1235 2151 1246 ι

235 1282 445 1320 statuimus
479 1284 520 1318 et
551 1281 756 1334 volumus7
789 1285 833 1320 ut
865 1279 1017 1321 serrum
1049 1285 1211 1321 monete
1245 1294 1352 1321 nunc
1385 1286 1428 1321 et
1460 1282 1658 1321 decetero
1691 1286 1884 1322 teneatur
1916 1283 2073 1322 ibidem.
2147 1296 2150 1338 ς

237 1350 337 1388 ltem
370 1349 556 1387 volumus
589 1352 630 1387 et
662 1349 913 1402 mandamus,
948 1353 992 1388 vt
1024 1351 1172 1389 ciuitas
1205 1351 1294 1401 ipso
1329 1361 1379 1389 eo
1412 1349 1656 1389 fundaretur
1685 1351 1773 1390 iure
1798 1355 1840 1390 et
1865 1350 2076 1404 gauderet
2148 1346 2149 1350 ’

233 1421 449 1468 perpetuo7
474 1428 553 1467 quo
587 1418 734 1456 ciuitas
759 1418 1021 1457 Brunnensis
1055 1416 1223 1458 fundata
1249 1419 1414 1458 videtur
1439 1418 1506 1457 vel
1539 1418 1746 1472 gaudere.
1779 1419 1835 1459 Et
1866 1422 1910 1458 vt
1942 1419 2075 1458 omnia
2146 1435 2148 1459 ὲ

232 1486 434 1535 premissa
467 1496 633 1535 semper
666 1489 754 1524 rata
786 1489 979 1524 maneant
1012 1490 1136 1536 atque
1169 1485 1295 1539 firma,
1329 1491 1551 1536 presentes
1584 1487 1744 1527 litteras
1776 1486 1867 1526 dari
1906 1485 2072 1526 fecimus
2146 1489 2147 1495 ’

232 1553 360 1605 sigilli
393 1554 522 1591 nostri
558 1554 773 1593 munimine
806 1554 1041 1607 roboratas,
1074 1565 1163 1592 cum
1195 1556 1371 1594 testibus
1405 1555 1648 1607 subnotatis,
1678 1555 1745 1606 qui
1777 1559 1892 1595 sunt:
1925 1555 2073 1594 Vene-
2144 1591 2145 1594 ,

234 1620 376 1658 rabilis
416 1621 456 1658 in
497 1618 667 1660 Christo
710 1621 895 1659 dominus
943 1622 1083 1661 Bruno
1130 1623 1354 1673 episcopus
1403 1622 1703 1662 olomucensis.
1766 1624 1979 1662 Henricus
2021 1622 2072 1662 do
2144 1631 2145 1649 ³

233 1687 533 1727 Lichtenstein.
566 1688 823 1727 IVillielmus
858 1688 909 1728 de
934 1689 1189 1740 Hustopecz.
1223 1691 1444 1730 Zudmirus
1478 1694 1519 1730 et
1549 1690 1714 1730 Parduz
1746 1689 1911 1730 fratres.
1944 1690 2072 1731 Zmilo

234 1753 360 1794 frater
402 1756 626 1796 BoskoniS.
665 1755 812 1796 Chuno
855 1755 984 1796 frater
1023 1758 1244 1798 Boskonis.
1284 1760 1517 1798 Benessius
1559 1759 1827 1798 camerarius,
1865 1759 2074 1798 lohannes

233 1822 284 1861 de
318 1824 600 1863 ivissenowe
633 1828 675 1864 et
707 1825 773 1863 alii
808 1825 959 1875 plures.
1006 1826 1155 1865 Datum
1189 1830 1231 1865 et
1256 1831 1388 1866 actum
1416 1831 1513 1877 aput
1539 1839 1685 1866 nouam
1712 1827 1934 1881 Velgrad3
1965 1837 2075 1866 anno
2140 1850 2142 1879 ;

211 1890 377 1929 domini
402 1890 689 1932 MCCLVIII.
737 1893 889 1933 Datum
924 1904 999 1944 per
1030 1906 1187 1934 manum
1213 1896 1406 1949 magistri
1433 1896 1609 1937 Arnoldi
1635 1896 1764 1935 nostri
1791 1895 2070 1950 protonotarii,
2140 1891 2141 1929 l

230 1955 333 1997 feria
368 1960 506 2010 quinta
540 1959 647 1999 infra
679 1964 865 2000 octauam
899 1962 1106 2002 trinitatis.

535 2050 565 2084 E
589 2049 705 2082 codice
728 2050 1050 2085 Welehradensi
1073 2060 1163 2085 saec.
1187 2052 1262 2086 XV.
1286 2052 1307 2087 s.
1334 2051 1423 2087 140.

1014 2180 1295 2223 CCLXVIH.

235 2269 546 2322 Stare-handus,
577 2273 692 2325 filius
728 2274 967 2328 Pereqrini,
1006 2276 1148 2315 vendit
1175 2278 1428 2316 monasterio
1462 2276 1606 2318 Cellae
1635 2289 1668 2316 s.
1702 2278 1872 2317 Mariae
1897 2278 2069 2316 Brumae
2133 2269 2135 2304 Ῑ

231 2339 448 2387 praedium
489 2353 609 2380 suum
651 2346 743 2382 aule
781 2343 982 2383 civilatem
1024 2343 1185 2384 ibidem.
1255 2346 1328 2385 Dt.
1376 2345 1499 2386 XIV.
1539 2345 1761 2386 Kalendas
1801 2344 2069 2398 Septembris,
2131 2372 2134 2411 5

1079 2411 1230 2453 1258.

378 2479 498 2552 Ego
526 2501 813 2544 Starchandus
846 2502 949 2543 filius
972 2505 1038 2556 pie
1071 2505 1375 2545 recordationis
1399 2505 1627 2560 Peregrini
1660 2510 1868 2558 protestor
1891 2515 2067 2557 presen-

235 2563 328 2602 tium
361 2576 435 2615 per
466 2573 661 2623 tenorem⁷
702 2569 817 2619 Quod
844 2573 996 2612 curiam
1028 2583 1156 2612 meam
1189 2585 1320 2625 prope
1343 2574 1550 2615 ciuitatem
1582 2575 1867 2616 Brunnensem
1900 2572 2066 2616 heredi·-
2128 2577 2130 2600 ³
