2155 2928
960 156 1063 198 273

91 360 252 409 Bruma,
285 356 506 409 episcopus
540 354 842 405 olomucensis,
859 295 1217 407 ίάξὲξξξξῖζιειὲαθ
1245 356 1490 406 patronatus
1519 353 1721 392 ecclesiae
1752 365 1785 391 s.
1809 353 1931 393 Petri

91 429 264 469 Brunae
300 424 552 464 monasterio
588 423 891 462 Tisiwwicensa·
931 424 1158 476 confirmat,
1198 426 1237 462 et
1272 434 1484 473 expensas
1522 423 1712 460 resarcit.
1775 423 1848 461 Dt.
1886 423 1930 461 in

552 490 760 541 Jlodh'ce,
793 492 837 530 in
868 491 935 530 die
967 491 1002 530 b.
1035 491 1276 541 Michaelis,
1316 489 1465 529 1259.

233 550 396 610 Bruno
442 567 509 606 dei
557 568 709 620 gracia
750 567 1036 606 Olumecensis
1078 568 1313 618 Episcopus
1361 566 1523 605 dilectis
1570 566 1610 603 in
1655 563 1824 605 Christo
1868 594 1877 603 .
1920 594 1930 604 .

91 638 316 680 Abbatisse
350 639 392 674 et
423 635 642 673 conuentu}
676 635 1057 674 sanctimonialium
1100 636 1139 673 in
1174 635 1401 673 Tusnowiz
1439 633 1596 672 ordinis
1629 631 1929 673 cisterciensis

91 710 233 746 nostre
271 703 453 742 diocesis
495 703 680 741 salutem.
721 706 763 741 et
802 703 1009 741 sinceram
1047 704 1088 741 in
1127 702 1287 741 domino
1329 703 1555 740 caritatem.
1602 700 1705 742 Cum
1745 713 1770 740 a
1809 701 1930 739 nobis

91 774 240 825 petitur
270 770 375 822 quod
410 771 554 808 iustum
596 774 662 808 est
701 774 743 808 et
781 770 1018 822 honestum,
1058 771 1098 808 in
1139 781 1218 820 quo
1259 773 1503 820 potestatem
1544 768 1705 808 habere
1743 768 1931 807 uidemur

91 840 335 880 ordinariam
366 842 446 877 tam
477 839 605 891 uigor
638 839 846 890 equitatis,
880 849 999 888 quam
1033 838 1132 876 ordo
1167 839 1305 891 exigit
1338 837 1521 875 rationis.
1554 840 1597 875 ut
1628 837 1667 875 id
1700 847 1776 887 per
1809 836 1930 875 officii

38 960 43 962 Π
91 910 218 949 nostri
249 906 562 947 sollicitudinem
587 906 638 944 ad
667 904 852 944 effectum
878 906 1054 944 debitum
1080 905 1343 956 perducatur.
1376 903 1478 945 Cum
1502 905 1634 957 igitur
1655 905 1763 943 sicut
1788 908 1932 943 uestra

91 977 208 1018 nobis
249 979 441 1026 porrecta
484 974 634 1024 peticio
674 974 933 1025 continebat,
973 974 1143 1012 Inclitus
1184 973 1368 1012 dominus
1410 976 1554 1011 noster
1592 972 1701 1010 bone
1740 973 1932 1011 memorie

91 1045 272 1084 dominus
288 1042 581 1082 Wencestaus
606 1042 703 1081 Rex
734 1042 967 1080 boemorum
1000 1041 1169 1079 illustris
1195 1041 1511 1090 Iuspatronatus
1540 1039 1647 1090 quod
1670 1040 1710 1078 in
1732 1040 1932 1078 Ecclesia

90 1113 221 1152 sancti
251 1111 373 1150 Petra·
405 1110 456 1149 de
487 1110 669 1148 Brunna
703 1114 844 1148 nostre
879 1108 1060 1147 diocesis
1092 1108 1290 1147 habuisse
1325 1108 1571 1160 dinoscitur7
1605 1107 1726 1146 vobis
1759 1111 1800 1146 et
1831 1107 1931 1146 Mo-

90 1179 268 1220 nasterio
301 1182 445 1217 vestro
478 1179 585 1216 sicut
619 1188 692 1227 per
724 1178 854 1227 ipsius
880 1176 1121 1215 ostendistis
1153 1177 1313 1215 litteras
1341 1176 1436 1214 inde
1469 1174 1656 1214 cosectas
1682 1176 1749 1226 pia
1774 1175 1932 1215 libera-

91 1249 203 1287 litate
235 1247 456 1286 contulerit
487 1257 538 1285 ac
572 1247 662 1296 ipse
697 1245 945 1296 postmodum
980 1249 1125 1283 contra
1164 1244 1391 1283 huiusmodi
1434 1243 1691 1282 collationem
1731 1243 1782 1281 de
1822 1241 1932 1282 facto

92 1317 264 1356 ueniens
298 1315 488 1354 dilectum
520 1315 560 1352 in
595 1313 764 1354 Christo
784 1313 997 1352 Alberlam
1030 1312 1212 1351 eiusdem
1246 1312 1429 1351 ecclesie
1462 1322 1570 1350 nunc
1603 1314 1808 1350 rectorem
1834 1311 1932 1349 lus-

91 1387 329 1436 patronatus
362 1382 600 1433 usurpando
634 1382 711 1420 sibi
746 1381 797 1420 ad
841 1381 1012 1419 eandem
1047 1381 1268 1418 ecclesiam
1302 1380 1578 1431 presentarit7
1611 1389 1794 1429 suusque
1827 1377 1933 1417 filius

90 1449 344 1505 Magnificus
378 1451 563 1489 dominus
605 1455 748 1488 noster
780 1450 958 1488 Premizl
991 1450 1190 1487 Dominus
1223 1449 1366 1501 Regni
1402 1448 1592 1500 Boemie7
1625 1447 1727 1485 Dux
1759 1447 1932 1486 Austrie

91 1530 141 1558 ac
170 1519 362 1559 Marchio
396 1518 604 1570 Morauie7
637 1519 745 1556 inter
776 1530 852 1556 uos
887 1522 928 1557 et
961 1515 1160 1567 prefatum
1184 1516 1398 1555 Albertum
1432 1526 1506 1565 per
1538 1515 1719 1554 arbitros
1751 1526 1932 1554 concor-

91 1587 193 1627 diam
240 1586 402 1627 faciens
449 1586 784 1638 quemadmodum
831 1587 869 1624 in
923 1587 1051 1636 ipsius
1107 1586 1345 1634 exprimitur
1393 1585 1540 1622 litteris
1595 1584 1807 1634 patrisque
1868 1584 1932 1622 sui

91 1653 235 1694 factum
277 1659 442 1709 gratum
491 1655 654 1693 habens
700 1659 742 1693 et
779 1659 931 1705 ratum7
979 1654 1295 1703 Iuspatronatus
1343 1651 1527 1690 eiusdem
1567 1651 1751 1690 ecclesie
1797 1651 1933 1689 sancti

91 1723 203 1762 Petri
235 1723 287 1762 de
311 1724 481 1762 Brunna
516 1724 620 1773 pium
655 1733 765 1775 erga
792 1734 866 1761 uos
892 1727 933 1760 et
960 1721 1246 1760 monasterium
1277 1724 1460 1758 uestrum
1487 1719 1744 1758 liberalitatis
1768 1730 1932 1772 gerens

91 1791 238 1843 zelum,
270 1792 311 1830 in
342 1803 420 1829 vos
454 1792 596 1830 iterum
630 1790 797 1829 duxerit
836 1788 1181 1828 transferendum.
1242 1788 1330 1826 Nos
1374 1788 1527 1826 vestris
1569 1787 1730 1826 deuotis
1771 1787 1931 1837 suppli-

91 1859 328 1898 cacionibus
361 1859 545 1898 inclinati
579 1859 759 1910 dictIque
793 1858 940 1896 domini
974 1857 1103 1896 nostri
1143 1854 1292 1894 factum
1334 1857 1440 1906 pium
1482 1858 1523 1893 et
1565 1855 1774 1905 prouidum
1816 1866 1930 1893 com-

90 1926 329 1966 mendantes
361 1927 402 1965 in
434 1927 615 1979 domino⁷
656 1932 697 1966 et
738 1936 987 1964 consensum
1027 1928 1209 1963 nostrum
1248 1922 1533 1962 fauorabiliter
1573 1922 1821 1961 adhibentes
1859 1923 1931 1961 Ius

91 1995 355 2045 presentandi
388 1994 440 2034 ad
474 1995 648 2034 eandem
682 1995 904 2033 ecclesiam
946 1993 1083 2032 sancti
1115 1992 1230 2031 Petri
1272 1992 1323 2030 de
1358 1993 1526 2030 Brunna
1567 1995 1707 2029 nostro
1748 1994 1789 2029 et
1830 2002 1931 2029 suc-

91 2072 300 2101 cessorum
330 2067 563 2102 nostrorum
595 2074 645 2101 ac
672 2062 971 2101 Archidiaconi
1004 2061 1080 2098 loci
1115 2061 1181 2110 qui
1216 2071 1288 2110 pro
1322 2064 1504 2109 tempore
1538 2057 1659 2097 fuerit
1692 2059 1780 2096 iure
1813 2058 1930 2096 saluo

91 2129 209 2169 vobis
241 2134 283 2169 et
314 2141 389 2180 per
421 2142 497 2169 uos
529 2130 792 2170 Monasterio
825 2133 968 2167 vestro
1003 2129 1250 2166 auctoritate
1284 2127 1492 2165 ordinaria
1526 2124 1822 2165 confirmamus,
1853 2125 1930 2163 sub

91 2198 414 2238 interminatione
447 2200 695 2237 anatematis
728 2197 962 2236 inhibentes
996 2207 1048 2234 ne
1082 2196 1172 2246 quis
1205 2195 1312 2233 hanc
1353 2199 1533 2233 nostram
1576 2192 1929 2232 confirmacionem

91 2270 296 2315 presumat
327 2265 576 2320 infringere,
610 2266 678 2305 vel
712 2267 750 2304 ei
783 2277 888 2304 ausu
919 2264 1139 2302 temerario
1173 2264 1394 2301 contraire.
1443 2261 1637 2301 Ceterum
1680 2262 1774 2312 quia
1814 2262 1928 2300 circa

94 2343 292 2383 personas
324 2335 365 2373 in
396 2335 657 2375 Monasterio
692 2336 835 2372 vestro
869 2332 921 2370 ad
949 2331 1015 2370 dei
1047 2331 1266 2369 seruicium
1300 2330 1514 2369 dedicatas
1542 2340 1732 2380 expense
1759 2330 1929 2380 plurime

91 2402 349 2452 requiruntur
380 2403 420 2441 in
454 2403 601 2454 quibus
633 2403 740 2440 sicut
771 2404 915 2439 vestra
948 2399 1066 2438 nobis
1100 2396 1296 2449 patefecit
1328 2398 1547 2437 insinuatio
1581 2396 1783 2436 defectum
1823 2408 1926 2435 con-

91 2469 214 2522 tingit
260 2470 516 2521 aliquociens
562 2482 640 2509 uos
682 2469 861 2521 habere,
910 2467 1177 2518 supplicastis
1219 2467 1340 2504 etiam
1389 2466 1590 2504 humiliter
1630 2465 1748 2504 nobis
1788 2469 1833 2504 vt
1875 2465 1927 2503 de

92 2538 355 2586 prouentibus
386 2540 516 2590 ipsius
544 2538 726 2578 ecclesie
759 2536 894 2576 sancti
919 2535 1031 2575 Petri
1066 2536 1107 2574 in
1131 2535 1301 2573 Brunna
1334 2534 1374 2572 in
1399 2534 1622 2573 subsidium
1647 2544 1927 2583 expensarum

1654 2601 1719 2641 35
