2155 2928
964 125 1145 185 ⁹²³2.ss

77 271 207 322 Siqua
238 270 369 323 igitur
400 270 440 307 in
472 266 647 308 futurum
677 265 969 307 ecclesiastica
991 265 1251 305 secularisue
1282 273 1466 314 persona
1491 262 1600 302 113110
1631 267 1776 303 nostre
1807 274 1911 304 con·-

77 338 296 378 stitutionis
328 338 525 390 paginam
562 337 702 375 sciens
735 338 880 374 contra
919 345 1009 373 eam
1046 337 1201 373 temere
1239 332 1385 371 uenire
1423 331 1686 382 temptauerit
1724 331 1911 371 secundo

77 407 253 446 tertioue
285 405 524 443 commonita
555 404 634 442 11151
667 407 824 442 reatum
855 414 970 441 suum
1001 412 1194 454 congrua
1231 397 1518 439 satisfactione
1551 399 1800 438 correxerit.
1833 410 1912 449 po-

75 474 240 512 testatis
271 472 525 522 honorisque
557 471 620 510 sui
645 473 789 510 careat
821 470 1038 524 dignitate.
1064 479 1260 519 reamque
1292 478 1341 507 se
1374 467 1510 506 diuino
1543 466 1692 505 iudicio
1726 466 1912 505 existere

75 539 128 579 de
160 543 402 590 perpetrata
436 539 649 590 iniquitate
681 541 930 592 cognoscat.
962 540 1004 576 et
1035 549 1059 575 a
1091 536 1371 576 sacratissimo
1404 545 1582 585 corpore
1615 545 1665 573 ac
1697 534 1913 587 sanguine

76 607 145 647 dei
177 611 219 646 et
250 607 396 646 domini
428 606 700 656 redemptoris
733 606 862 644 nostri
893 606 990 644 Iesu
1024 602 1181 645 Christi
1213 603 1350 642 aliena
1381 600 1462 641 fiat.
1495 606 1620 653 atque
1652 602 1694 640 in
1727 605 1912 640 extremo

76 675 266 714 examine
309 674 494 713 districte
525 673 742 712 subiaceat
771 673 927 711 ultioni.
991 670 1163 712 Cunctis
1204 674 1337 709 autem
1368 670 1460 709 loco
1501 682 1579 709 sua
1610 670 1702 708 iura
1733 680 1914 708 seruan-

75 743 199 781 tibus.
241 743 295 781 sit
333 753 418 792 pax
459 741 606 780 domini
645 741 776 779 nostri
815 741 912 779 lesu
954 738 1123 779 Christi.
1164 739 1355 790 quatinus
1402 741 1443 777 et
1483 737 1550 776 hic
1590 737 1697 776 bone
1737 737 1913 776 actionis

74 809 305 860 percipiant
337 812 379 847 et
410 808 519 858 apud
551 808 774 846 districtum
808 807 981 845 iudicem
1014 807 1168 857 premia
1202 810 1347 845 eterne
1379 806 1494 856 pacis
1526 806 1740 844 inueniant
1777 805 1914 844 Amen

73 876 208 916 Amen
242 876 385 914 Amen.
448 876 548 928 Ego
580 876 860 913 Innocentius.
893 874 1097 913 catholice
1130 874 1312 912 ecclesie
1340 873 1587 923 Episcopus.
1627 873 1727 926 Ego
1761 872 1914 911 Petrus

75 944 176 983 tituli
208 943 341 982 sancti
373 942 580 982 Marcelli.
613 943 835 992 presbyter
867 942 1103 980 cardinalis.
1136 942 1236 994 Ego
1264 941 1506 980 xvillelmus
1537 941 1720 979 Basilice
1753 939 1914 978 duode-

76 1011 152 1050 cim
182 1010 473 1060 Apostolorum
498 1010 721 1060 presbyter
745 1009 982 1048 cardinalis.
1016 1010 1115 1062 Ego
1143 1007 1274 1047 frater
1299 1008 1510 1047 Iohannes
1538 1009 1672 1046 sancti
1698 1006 1915 1045 Laurentii

78 1078 119 1117 in
150 1077 312 1116 Lucina
345 1078 568 1128 presbyter
607 1076 857 1117 Cardinalis.
901 1077 1001 1129 Ego
1036 1076 1257 1115 Iohannes.
1298 1077 1432 1114 sancti
1464 1075 1625 1114 Nicolai
1664 1075 1705 1113 in
1738 1084 1914 1113 carcere

78 1145 257 1185 Tullian.
290 1145 505 1184 Diaconus
539 1143 790 1186 Cardinalis.
838 1145 989 1184 Datum
1013 1143 1214 1196 Lugduni
1241 1154 1315 1194 per
1347 1155 1505 1182 manum
1527 1142 1728 1195 Magistri
1760 1141 1916 1181 Marini

80 1217 225 1253 sancte
258 1213 445 1252 Romane
478 1213 674 1252 Ecclesie
700 1212 1065 1251 vicecancellarii.
1099 1211 1195 1250 VII.
1221 1211 1320 1250 Idus
1345 1211 1544 1264 Augusti.
1577 1210 1807 1249 Indictione
1839 1208 1915 1248 VI.

77 1281 379 1320 Incarnationis
419 1281 619 1319 dominice
658 1280 782 1319 Anno
820 1280 880 1320 Μ.
921 1277 1011 1320 CC.
1050 1279 1251 1318 XLVIII.
1313 1278 1581 1318 Pontificatus
1626 1288 1729 1317 vero
1768 1276 1917 1316 domini

76 1349 305 1389 Innocentii
339 1360 448 1400 pape
480 1349 574 1388 1111.
607 1360 715 1387 anno
747 1352 881 1387 sexto.

381 1446 436 1478 Ex
458 1446 650 1488 originali
673 1448 703 1477 in
727 1445 860 1477 archivo
884 1444 921 1477 S.
944 1445 976 1476 J.
1000 1445 1235 1476 Bruneusis.

906 1607 1088 1650 CXXV.

86 1713 256 1751 Decisio
291 1712 375 1751 litis
406 1713 512 1750 inter
542 1712 838 1750 monasterium
867 1711 1064 1750 Lucense
1096 1711 1136 1747 et
1162 1709 1322 1760 fratres
1352 1708 1572 1759 hospitalis
1603 1718 1637 1746 s.
1660 1707 1843 1747 ,Ioannis
1874 1706 1919 1745 in

81 1779 277 1818 Kaum‘ce
307 1779 358 1817 de
389 1779 561 1817 decimis
592 1779 635 1817 in
661 1777 872 1818 Rasz‘ce.
920 1778 1009 1817 Act.
1042 1777 1261 1827 Znoymae
1292 1776 1337 1814 in
1363 1778 1507 1814 octava
1538 1775 1664 1814 nativ.
1695 1774 1751 1813 B.
1778 1775 1840 1813 M.
1871 1772 1917 1813 V.

925 1843 1077 1884 1248.

203 1937 286 1997 H.
319 1955 385 1994 dei
418 1955 681 1994 miseratione
714 1954 846 1993 dictus
878 1953 1010 1992 abbas
1035 1953 1245 1992 Lucensis
1278 1956 1318 1992 et
1351 1953 1501 1993 Frater
1535 1950 1583 1993 C.
1615 1949 1919 1991 commendator

83 2022 135 2062 de
166 2023 406 2062 Hosnewiz.
445 2022 655 2062 vniuersis
689 2020 845 2062 Christi
884 2019 1071 2060 fidelibus
1110 2020 1163 2059 ad
1197 2032 1300 2071 quos
1340 2021 1476 2060 littere
1508 2023 1729 2071 presentes
1763 2030 1920 2070 perue-

88 2090 226 2129 nerint
272 2091 445 2129 salutem
486 2091 525 2128 in
566 2090 736 2128 omnium
774 2089 957 2128 salutari.
1026 2088 1286 2127 Presentium
1332 2092 1477 2128 tenore
1522 2092 1603 2127 tam
1654 2087 1920 2138 presentibus

85 2168 203 2208 quam
244 2156 392 2196 futuris
434 2157 694 2196 declaramus
737 2157 843 2207 quod
885 2157 1045 2207 questio
1084 2167 1210 2206 super
1250 2156 1419 2195 decimis
1460 2157 1499 2195 in
1540 2155 1775 2196 Rachuwz’z
1811 2156 1920 2194 inter

84 2225 305 2263 ecclesiam
337 2225 572 2263 Lucensem
612 2230 807 2274 respectu
838 2224 1060 2275 parrochie
1099 2225 1140 2263 in
1179 2223 1424 2264 Sci-illuwiz
1463 2236 1520 2263 ex
1558 2235 1653 2262 una.
1693 2227 1735 2262 et
1765 2221 1918 2262 fratres

85 2292 303 2343 hospitalis
335 2291 386 2330 de
418 2291 554 2332 Ouniz
593 2303 649 2331 ex
680 2292 810 2331 altera
852 2296 969 2342 parte
1001 2293 1078 2331 iam
1118 2291 1265 2331 dudum
1298 2292 1507 2330 uentilata.
1546 2292 1588 2330 in
1622 2291 1730 2330 hunc
1762 2290 1917 2330 modum

87 2370 162 2410 per
194 2359 438 2398 amicabiles
470 2359 649 2398 arbitros
673 2360 789 2398 viros
821 2360 1063 2414 relligiosus
1089 2364 1130 2399 et
1160 2358 1239 2399 fide
1272 2360 1427 2413 dignos
1458 2359 1665 2398 uidelicet.
1711 2359 1919 2398 Herman-

87 2439 178 2466 num
211 2428 460 2478 prepositum
498 2427 550 2466 de
583 2426 708 2468 Grus.
740 2425 908 2466 fratrem
948 2426 1182 2468 Conradum
1221 2428 1273 2466 de
1312 2428 1497 2467 Brvnna.
1535 2432 1576 2466 et
1606 2425 1772 2467 fratrem
1805 2427 1919 2481 Egi-

88 2495 192 2535 dium
224 2495 381 2535 ordinis
406 2493 573 2536 fratrum
605 2496 811 2535 minorum.
836 2507 887 2535 ac
919 2495 972 2535 de
993 2496 1198 2548 Hospitali
1229 2494 1396 2536 fratrem
1425 2496 1636 2537 Nicolaum
1658 2495 1919 2536 sacerdotem
