2155 2928
1068 161 1166 200 120

989 301 1228 343 CXLVIII.

194 404 306 443 ²lura
338 404 625 441 montanorum
664 403 702 438 et
730 398 926 438 montium
968 395 1145 434 cit-italis
1186 393 1441 443 Iylaviensis
1481 394 1718 433 continuata
1756 397 1796 434 et
1830 394 1926 434 dala
1957 395 2030 436 sub

528 468 667 517 sisse'llo
701 467 876 505 cia-itatis
909 462 1106 515 (jusdem.
1138 461 1188 502 S.
1222 461 1262 500 d.
1326 460 1496 511 [1247
1532 484 1587 489 —
1623 461 1694 511 9).

330 562 422 621 VDe
454 579 544 617 inre
574 579 860 615 montanorum
901 576 941 611 et
967 572 1188 611 monetam.
1250 570 1478 611 Statuimus
1518 574 1562 610 ut
1603 571 1796 622 quicquid
1827 573 2029 613 urborarii

196 647 246 686 de
285 647 456 686 consilio
498 647 716 684 iuratorum
756 641 1056 695 lglauiensium
1103 640 1144 678 in
1184 639 1386 678 montibus
1426 639 1495 678 uel
1534 638 1790 679 Stollonibus
1829 639 2029 692 aliquibus

195 715 483 753 concesserint
525 713 589 751 uel
623 709 869 749 contulerint
907 709 983 747 sub
1017 708 1170 762 Sigillo
1204 719 1344 747 eorum
1377 711 1418 747 et
1450 708 1759 746 urburariorum
1792 711 1921 747 ratum
1952 709 2029 749 ha-

195 783 342 821 beatur
374 782 532 830 absque
564 780 644 817 ulla
679 778 909 828 questione,
944 779 985 815 et
1016 777 1251 827 ubicunque
1283 787 1399 815 mons
1431 776 1498 815 uel
1532 776 1652 815 stollo
1687 777 1879 815 inuentus
1911 774 2030 818 fuerit

193 850 260 888 uel
293 850 530 887 elaboratus
571 847 622 884 de
655 846 743 884 iure
782 845 952 883 habebit
993 845 1034 882 in
1074 855 1124 883 eo
1163 843 1271 895 quod
1311 844 1460 882 dicitur
1501 844 1760 897 hangundez
1800 844 2030 898 volgariter

193 918 283 956 lIlJ
309 918 468 955 laneum
502 918 543 953 et
575 915 614 952 in
647 924 696 951 eo
724 913 832 963 quod
865 912 1264 965 dicit111·liegundez
1298 924 1420 951 vnum
1450 911 1627 965 laneum⁷
1661 911 1830 951 altitudo
1864 915 1904 951 et
1935 924 2030 963 pro-

193 983 355 1023 fundum
388 985 427 1021 in
461 981 594 1032 equali
634 983 808 1019 statura.
872 980 1014 1031 Siquis
1054 986 1189 1019 autem
1222 992 1368 1019 nouum
1410 984 1582 1019 montem
1615 981 1834 1033 inuenerit,
1867 991 2030 1019 mensu-

193 1056 335 1091 rentur
367 1052 404 1089 ei
436 1050 520 1088 Vll
559 1049 670 1087 lanei
703 1060 758 1087 ex
797 1052 973 1100 utraque
1007 1052 1124 1099 parte
1165 1049 1325 1088 domino
1359 1049 1456 1101 regi
1497 1060 1604 1087 vnus
1638 1060 1693 1087 ex
1724 1052 1900 1099 utraque
1931 1048 2029 1088 bur-

191 1118 397 1172 gensibus
431 1128 551 1156 vnus.
613 1117 862 1156 Inuentores
901 1127 1002 1155 uero
1036 1118 1182 1155 montis
1225 1117 1323 1155 dent
1355 1117 1711 1156 mensuratoribus
1751 1117 1835 1155 Vll
1867 1116 2029 1157 Solidos

190 1188 358 1226 breues.
397 1186 549 1239 „Hanc
574 1188 709 1224 tamen
744 1196 974 1224 mensuram
1009 1185 1087 1223 hiis
1114 1184 1326 1235 premissis
1360 1185 1673 1223 condicionibus
1701 1184 1871 1236 quilibet
1902 1194 2030 1223 nouus

191 1265 333 1309 „mons
367 1253 578 1293 obtinebit.
640 1252 688 1292 Si
721 1254 867 1292 montis
902 1254 1091 1292 inuentor
1123 1256 1296 1292 meatum
1336 1265 1452 1291 suum
1487 1265 1510 1291 a
1545 1263 1802 1292 concessore
1835 1253 1924 1292 iure
1956 1252 2030 1292 de-

191 1323 301 1376 „bito
334 1322 520 1372 suscepit
551 1321 648 1360 licet
680 1321 747 1360 alii
781 1323 893 1360 circa
928 1322 1058 1371 ipsum
1090 1322 1292 1360 metallum
1326 1321 1538 1360 inueniant
1570 1321 1637 1360 uel
1670 1321 1866 1374 liabeant7
1898 1324 2029 1360 tamen

190 1391 368 1444 „primus
401 1393 572 1429 meatum
605 1392 827 1440 susceptor
867 1390 931 1428 ius
964 1401 1079 1428 suum
1113 1390 1312 1428 obtinebit
1352 1390 1391 1429 in
1426 1400 1476 1428 eo
1508 1389 1704 1428 uidelicet
1737 1388 1844 1440 quod
1876 1393 2029 1428 meatus

190 1460 309 1513 „eius
342 1459 467 1509 primo
500 1470 524 1496 a
558 1458 701 1497 iuratis
734 1457 959 1497 secabitur.
1022 1457 1109 1498 Sed
1143 1458 1178 1496 si
1211 1461 1369 1496 meatus
1412 1458 1501 1495 eius
1534 1468 1729 1496 mensura
1762 1456 1917 1510 dignus
1949 1467 2026 1496 non

191 1525 340 1580 „suerit
380 1538 434 1565 ex
472 1529 568 1565 tunc
608 1526 794 1565 secundo
834 1530 1008 1565 meatum
1048 1527 1283 1575 susceptori
1325 1526 1392 1564 uel
1439 1526 1570 1564 tercio
1610 1526 1651 1564 in
1692 1525 1836 1564 eadem
1877 1525 2028 1563 minere

190 1595 502 1648 „laborantibus
536 1593 681 1633 eodem
710 1595 799 1633 iure
832 1605 910 1645 quo
945 1595 1070 1645 primo
1097 1593 1311 1632 secabitur
1343 1596 1502 1632 meatus
1536 1596 1578 1632 et
1610 1594 1844 1644 quicunque
1877 1592 2028 1631 illorum

191 1663 358 1716 „plures
391 1661 536 1701 foueas
568 1663 608 1701 in
642 1660 766 1701 fundo
806 1673 883 1713 per
915 1660 1138 1700 amfractus
1178 1662 1446 1715 contiguatos
1480 1661 1673 1700 babuerit
1712 1661 1758 1702 Si
1792 1661 2027 1700 laborantes

192 1735 366 1784 „contra
398 1731 525 1781 ipsum
566 1742 718 1769 carere
751 1731 956 1769 noluerint
998 1731 1060 1769 ius
1095 1733 1137 1769 et
1175 1730 1243 1768 ille
1277 1731 1343 1781 qui
1385 1733 1451 1769 est
1482 1730 1573 1768 loco
1613 1729 1871 1768 vrbariorum
1903 1730 2027 1779 ipsum

191 1799 461 1851 „compellent
493 1799 720 1838 iuramento
754 1800 795 1837 in
828 1799 961 1838 medio
993 1800 1263 1837 instrumento
1304 1801 1412 1849 quod
1445 1798 1593 1836 dicitur
1631 1797 1828 1836 runboum
1861 1796 2027 1847 prestito

191 1867 419 1920 „optinere3
454 1867 560 1917 quod
599 1867 704 1906 illum
736 1870 911 1906 meatum
953 1878 1007 1905 ex
1039 1867 1110 1905 tali
1149 1865 1271 1906 fouea
1303 1866 1492 1917 suscepit
1533 1870 1574 1905 et
1607 1877 1681 1916 per
1722 1866 1801 1905 hoc
1834 1864 2027 1904 obtinebit

192 1934 326 1987 „quod
360 1935 480 1973 iurati
514 1939 661 1974 secent
688 1938 859 1974 meatum
893 1927 1007 1974 suum
1036 1938 1077 1974 et
1109 1935 1144 1974 si
1178 1935 1298 1973 iurati
1324 1945 1452 1985 super
1483 1932 1601 1973 fidem
1634 1946 1748 1973 suam
1780 1933 2026 1985 receperint,

191 2003 327 2055 „quod
371 2003 410 2041 in
450 2001 728 2053 profunditate
768 2007 810 2042 et
850 2004 889 2042 in
934 2003 1108 2042 stollone
1147 2003 1230 2042 tale
1261 2002 1463 2042 metallum
1505 2002 1685 2041 viderint
1718 2005 1759 2041 et
1791 2000 2027 2052 reliquerint

191 2070 326 2123 „quod
359 2071 411 2109 sit
442 2082 634 2110 mensura
669 2071 838 2125 dignum
873 2075 914 2111 et
946 2071 1219 2110 examinatum
1251 2082 1379 2121 super
1412 2081 1553 2109 omnes
1587 2081 1798 2121 expensas
1830 2079 1928 2108 case
1960 2067 2027 2106 det

191 2138 403 2191 „adminus
434 2151 516 2178 una
542 2137 768 2179 calefaccio
802 2152 924 2179 vnum
948 2138 1163 2192 fertonem⁷
1197 2143 1350 2178 extunc
1382 2149 1614 2177 mensuram
1646 2139 1753 2177 sicut
1786 2137 1931 2176 dictum
1963 2139 2026 2175 est

191 2210 316 2259 „ante
356 2207 532 2246 debitam
572 2208 783 2247 obtinebit.
846 2208 948 2247 Item
997 2207 1167 2259 quilibet
1206 2218 1322 2246 mons
1362 2210 1624 2246 mensuratus
1665 2206 1773 2245 XVI
1812 2215 1934 2244 areas
1974 2202 2024 2242 de

192 2275 308 2327 „iure
341 2276 550 2325 optinebit.
596 2276 696 2315 Item
729 2276 900 2327 quilibet
930 2287 1046 2316 mons
1085 2277 1125 2315 in
1164 2275 1249 2315 VII
1280 2275 1414 2314 laneis
1446 2275 1497 2315 ad
1531 2276 1662 2314 minus
1694 2278 1782 2314 tres
1812 2272 1955 2313 foueas
1986 2271 2024 2310 in

194 2343 401 2395 „quolibet
433 2344 551 2382 laneo
591 2348 678 2383 tres
712 2346 841 2383 acies.
881 2346 921 2384 in
955 2344 1139 2396 qualibet
1178 2344 1455 2383 concessione
1495 2354 1614 2382 unam
1657 2343 1787 2381 aciem
1826 2352 1899 2392 pro
1939 2340 2024 2383 iure

194 2422 297 2461 „suo
338 2412 510 2460 requirit
550 2424 628 2451 nec
671 2413 844 2451 vlterius
883 2413 1162 2464 compellatur.
1224 2413 1279 2453 Et
1317 2412 1396 2451 hec
1438 2412 1527 2450 iura
1569 2414 1791 2451 seruentur
1828 2411 1868 2449 in
1910 2407 2023 2447 nouis

195 2478 425 2529 „montibus
459 2482 499 2516 et
531 2480 773 2519 stollonibus
805 2493 886 2520 non
921 2480 1222 2520 hereditariis.”
1284 2481 1383 2519 Item
1424 2480 1656 2531 quicunque
1694 2477 1948 2518 laboraverit
1985 2475 2023 2513 in

195 2544 326 2583 latere
360 2547 478 2584 vnius
511 2548 695 2587 stollonis
727 2560 808 2588 non
843 2549 1084 2588 hereditarii
1117 2552 1158 2587 et
1190 2549 1390 2588 metallum
1434 2549 1639 2587 inuenerit
1671 2550 1956 2586 mensurentur
1986 2542 2023 2581 ei
