2155 2928
1052 190 1219 249 ,1-8-

1057 326 1211 370 CLVI.

217 430 439 481 meumst,
486 427 675 468 marchio
721 425 961 474 ,norm-iae,
1010 422 1228 474 confirmat
1270 420 1473 460 ecclesiae
1521 419 1789 460 olomucensi
1836 422 2046 463 emtionem

334 497 601 536 haeredilalc's
632 493 909 534 Brnmowice.
971 490 1060 530 Act.
1093 490 1270 529 Brunae
1300 490 1344 527 in
1376 488 1443 527 die
1475 487 1509 527 b.
1545 487 1742 539 Tltomae,
1781 487 1930 528 1250.

362 588 585 649 Primuzil.
617 604 683 642 dei
715 603 856 655 gratia
887 600 1079 639 Marchio
1113 598 1322 638 Morauie.
1356 599 1540 638 omnibus
1573 599 1614 637 in
1638 601 1890 649 perpetuum.
1932 597 2044 647 Quo-

213 676 316 716 niam
350 675 597 713 currentium
635 670 867 709 uolubilitas
907 671 1129 717 temporum
1162 670 1291 721 gesta
1330 668 1553 706 mortalium
1586 667 1798 718 pleraque.
1830 669 2045 708 uetustatis

211 743 387 783 nubibus
421 739 621 780 obfuscat.
647 750 697 776 ea
730 747 809 788 que
835 735 886 774 de
919 734 1188 774 ordinatione.
1215 746 1292 774 seu
1325 747 1534 775 consensu
1566 739 1722 774 nostro.
1755 735 2043 776 recordatione

213 811 344 864 digna
377 811 595 863 geruntur.
635 805 802 854 scriptis
835 803 1067 842 autenticis.
1107 806 1188 841 tam
1221 803 1274 842 ad
1314 804 1376 842 rei
1409 804 1652 842 memoriam.
1692 814 1810 854 quam
1843 804 2044 854 explana-

209 879 371 917 tionem.
411 875 644 915 censuimus
685 872 836 910 utiliter
883 870 1135 909 annotanda.
1197 871 1379 911 Proinde
1427 874 1679 922 presentium
1726 874 1873 910 tenore
1912 875 2043 912 notum

210 957 308 985 esse
347 945 528 983 uolumus
567 945 647 980 tam
688 940 868 990 posteris
911 950 1028 990 quam
1075 939 1296 979 modernis.
1337 940 1444 991 quod
1490 940 1746 979 venerabilis
1794 941 1834 979 in
1877 938 2042 980 Cin-isto

209 1017 326 1065 pater
358 1012 540 1050 dominus
572 1010 722 1047 Bruno
754 1008 997 1059 Episcopus
1040 1007 1343 1048 Olomucensis.
1376 1021 1401 1047 α
1434 1008 1582 1047 dilecto
1619 1008 1736 1061 fideli
1766 1011 1924 1048 nostro.
1958 1008 2042 1050 Oo-

206 1092 313 1120 none
340 1080 477 1131 fraere
517 1075 770 1116 Bocelronis.
811 1075 1079 1115 hereditatem
1116 1077 1374 1116 Brumowz'z.
1414 1089 1536 1128 quam
1574 1078 1657 1128 ipsi
1691 1088 1772 1128 pro
1811 1078 2043 1129 captiuilale

207 1161 296 1187 sua.
330 1159 450 1201 quam
482 1147 526 1184 in
550 1145 725 1184 Auslria
757 1145 801 1183 in
826 1145 1007 1183 ser-uicto
1038 1147 1182 1183 nostro
1205 1146 1383 1196 pertulit.
1418 1145 1735 1184 contuleramus,
1761 1146 1943 1185 ecclesie
1967 1157 2041 1186 sue

208 1215 469 1257 Olomucensi
510 1215 794 1264 inperpetuum
837 1214 925 1251 iure
972 1213 1138 1263 proprii.
1179 1224 1268 1252 cum
1319 1213 1544 1252 attinentiis
1585 1213 1782 1252 omnibus.
1831 1215 2041 1265 emptionis

206 1285 317 1325 titulo
351 1283 614 1334 comparauit.
658 1285 699 1319 et
731 1281 809 1319 hoc
852 1280 904 1319 de
937 1284 1079 1319 nostra
1119 1284 1160 1320 et
1193 1281 1288 1319 dicti
1322 1279 1507 1321 Cononis
1547 1281 1756 1320 heredum.
1790 1283 2041 1322 conscientia

206 1357 247 1393 et
279 1363 499 1391 consensu.
561 1350 672 1390 Idem
707 1350 837 1388 eciam
872 1347 990 1389 Cono
1023 1350 1204 1400 precium
1244 1361 1317 1400 pro
1352 1349 1538 1400 predicta
1572 1350 1816 1389 hereditate.
1848 1351 2041 1391 videlicet

206 1426 365 1461 centum
406 1425 447 1460 et
487 1420 715 1473 sexaginta
756 1431 919 1458 marcas
953 1421 1136 1473 argenti.
1169 1431 1193 1458 a
1225 1416 1386 1470 prefato
1428 1418 1587 1457 domino
1627 1419 1837 1469 Episcopo
1875 1431 1925 1458 se
1965 1420 2039 1459 iam

206 1490 433 1540 recepisse.
466 1490 504 1527 in
538 1491 681 1527 nostra
715 1488 925 1527 audientia
957 1492 1022 1527 est
1055 1486 1286 1539 professus.
1348 1487 1527 1536 Insuper
1559 1486 1610 1525 ad
1643 1488 1835 1527 maiorem
1869 1488 2040 1527 euiden-

205 1560 309 1597 ciam
341 1561 382 1596 et
414 1557 627 1596 cautelam.
661 1557 902 1606 emptionem
933 1556 1055 1595 talem
1087 1557 1194 1595 sicut
1226 1557 1307 1595 rite
1334 1553 1446 1594 facta
1479 1558 1543 1594 est
1576 1555 1627 1594 de
1660 1558 1866 1606 potestate
1898 1560 2037 1596 nostra

205 1626 468 1678 presentibus
501 1623 797 1664 confirmamus.
831 1624 882 1662 de
914 1624 1139 1663 liberaliori
1172 1625 1327 1678 gratia.
1357 1635 1513 1663 omnem
1546 1623 1850 1664 iurisdicionem
1883 1628 2064 1676 tempo-.

206 1695 330 1733 ralem
364 1705 480 1745 quam
513 1693 552 1732 in
587 1692 732 1731 eadem
765 1692 997 1731 hereditate
1031 1693 1287 1732 obtinuimus.
1312 1691 1471 1743 prefato
1505 1692 1664 1731 domino
1698 1694 1896 1744 episcopo
1928 1693 2037 1732 Bru-

208 1762 304 1801 noni
347 1763 515 1813 suisque
557 1760 876 1800 successoribus
916 1761 1199 1812 inperpetuum
1238 1761 1534 1812 relinquentes.
1606 1760 1726 1809 Quod
1766 1765 1899 1800 autem
1943 1771 2038 1812 pre-

205 1830 330 1869 missa
363 1830 494 1868 omnia
538 1829 665 1868 robur
706 1829 919 1868 obtineant
957 1833 1158 1880 perpetue
1200 1827 1410 1868 firmitatis.
1455 1832 1496 1868 et
1535 1829 1643 1881 quod
1683 1829 1816 1868 nullus
1857 1832 2037 1880 tempore

206 1897 457 1949 procedente
490 1901 635 1937 eontra
669 1896 1014 1937 confirmationem
1046 1902 1229 1936 nostram
1260 1898 1406 1936 uenire
1438 1901 1660 1948 presumat.
1695 1902 1930 1947 presentem
1961 1909 2037 1947 pa-

204 1966 345 2019 ginam
384 1965 478 2004 inde
518 1964 747 2005 consectam
795 1966 925 2019 sigilli
967 1967 1097 2005 nostri
1139 1967 1354 2005 munimine
1396 1967 1588 2004 iussimus
1630 1965 1830 2004 roborari.
1892 1966 2036 2005 Actum

206 2034 388 2074 Brunne.
419 2035 542 2074 Anno
577 2035 723 2074 domini
749 2035 966 2074 Millesimo
1000 2034 1294 2073 ducentesimo.
1319 2034 1677 2088 quinquagesimo.
1710 2035 1751 2072 in
1784 2034 1850 2073 die
1882 2033 2036 2073 'rhome

205 2103 391 2152 apostoli.
453 2103 726 2142 Presentibus
760 2103 838 2142 hiis
872 2103 1061 2142 testibus.
1101 2103 1343 2156 VVetigone
1377 2102 1429 2141 de
1461 2114 1568 2141 noua
1601 2102 1745 2141 Domo.
1785 2101 1954 2143 Sdizlao
1986 2100 2036 2139 de

204 2170 502 2211 Sterenberch.
535 2171 776 2211 Bocekone.
811 2169 1009 2215 Cirhone.
1049 2170 1312 2213 l‘arduzone.
1345 2170 1531 2212 Beneda.
1571 2170 1811 2210 Bohusone.
1846 2169 2035 2210 Cirlionis

205 2235 296 2278 filie.
332 2237 525 2278 Conrado
555 2239 606 2278 de
630 2239 964 2293 Klinghenberc.
997 2238 1180 2277 Martino
1207 2239 1258 2277 de
1287 2238 1467 2278 Olomuz'.
1501 2243 1541 2278 et
1574 2239 1665 2277 aliis
1692 2250 1809 2290 quam
1843 2237 2034 2289 pluribuS.

206 2305 353 2345 Datum
373 2317 446 2357 per
460 2319 618 2346 manum
641 2308 833 2361 magistri
853 2307 1079 2348 'Willemmi
1103 2308 1217 2352 curie
1237 2311 1378 2347 nostre
1397 2307 1556 2347 notarii.
1582 2307 1649 2346 die
1671 2318 1721 2346 ac
1745 2307 1835 2346 loco
1854 2304 2033 2360 prefatis.

508 2418 561 2450 Ex
590 2419 786 2459 originali
814 2420 845 2450 in
869 2418 1003 2450 archivo
1028 2416 1328 2449 Cremsiriensi.
1351 2436 1394 2441 —
1422 2417 1571 2458 Sigillum
1594 2417 1760 2459 appendet
1783 2419 1934 2459 equestre
1956 2424 2035 2446 con-

609 2473 745 2510 suetum,
771 2468 863 2509 cujus
887 2470 970 2499 scuti
996 2470 1120 2510 insigne
1145 2471 1195 2500 est
1218 2469 1268 2499 leo
1293 2468 1495 2500 bicaudaius.
1527 2487 1569 2491 —
1596 2469 1749 2510 Apogr.
1773 2470 1807 2501 in
1831 2467 2033 2500 codicibus

610 2518 867 2551 Olomucensi
891 2520 916 2550 1.
941 2520 1071 2551 membr.
1096 2519 1116 2551 s.
1140 2518 1204 2551 20.
1228 2522 1260 2551 et
1284 2518 1574 2551 Cremsiriensi
1598 2520 1638 2551 D.
1663 2520 1723 2551 111.
