2155 2928
1117 136 1186 175 34

229 277 337 329 quod
369 288 446 316 nos
478 277 742 317 attendentes
774 279 902 330 grata
942 278 984 315 et
1015 278 1191 325 accepta
1223 274 1409 315 seruitia.
1442 283 1524 325 que
1562 272 1683 312 nobis
1714 272 1921 325 magister
1951 271 2070 312 Wil-

229 345 399 384 helmus.
439 345 614 384 dilectus
654 345 832 384 clericus
879 347 921 383 et
960 343 1204 393 capellanus
1242 345 1399 380 noster.
1446 344 1488 381 et
1526 344 1669 380 custos
1715 341 1904 390 corporis
1941 341 2071 381 nostri

228 414 424 464 specialis
463 413 666 463 plebanus
705 412 839 451 sancti
879 411 1103 450 Michaelis
1143 411 1183 447 iu
1221 409 1395 459 Znoym.
1437 408 1609 448 exhibet
1647 409 1925 448 incessanter.
1957 409 2072 449 etin

228 484 353 519 antea
386 482 577 533 gratiora
610 481 759 530 poterit
791 478 1008 518 exhibere.
1050 477 1311 515 donationem
1342 476 1440 516 ville
1474 476 1785 516 VValterouich.
1819 486 1938 527 quam
1971 487 2071 526 pro-

228 551 395 586 curator
427 551 571 586 noster
592 548 817 586 Heinricus
849 549 890 584 et
912 546 1028 584 ciues
1060 544 1349 584 Znoimenses.
1373 547 1472 594 aput
1496 556 1573 583 nos
1598 545 1921 595 impetrauerant
1946 544 2072 583 tacita

227 616 420 655 veritate.
454 615 506 654 de
539 625 619 665 qua
654 614 937 653 nichilominus
970 612 1076 650 idem
1115 612 1328 665 priuilegii
1361 611 1710 651 confirmationem
1742 614 1840 662 aput
1872 612 2072 651 notarium

228 686 409 722 nostrum
450 681 543 722 falsi
576 682 842 735 sugiestione
882 679 1145 718 obtinuerant
1176 679 1395 719 mediante.
1433 680 1588 719 irritam
1629 683 1671 719 et
1712 680 1876 718 inanem
1907 679 2072 729 penitus

228 750 520 790 decernentes.
553 750 683 799 ipsam
723 747 987 798 presentibus
1021 750 1163 797 vtpote
1204 745 1490 787 fraudulenter
1529 747 1749 787 obtentam.
1786 749 1870 786 tvm
1901 749 2072 797 propter

227 818 348 857 devm
381 821 422 857 et
453 818 645 856 iustitiam
677 819 718 854 et
749 816 923 854 salutem
956 815 1090 854 anime
1130 818 1285 854 nostre.
1318 819 1400 854 tum
1433 816 1554 855 etiam
1594 815 1646 854 ob
1680 814 1940 853 dilectionem
1972 824 2071 864 pre-

228 886 324 924 dicti
356 885 548 938 magistri
579 883 722 922 nostri.
757 886 798 921 et
830 882 943 922 beati
976 882 1201 922 Michaelis
1233 884 1514 922 reverentiam
1547 894 1807 922 reuocamus.
1841 882 2070 933 presertim.

227 964 316 992 cum
349 953 400 991 ad
434 952 707 990 ecclesiarum
732 951 981 989 commodum
1013 954 1054 990 et
1077 952 1267 1002 quietem.
1301 963 1382 990 non
1407 951 1461 990 ad
1493 962 1635 989 earum
1667 951 1853 989 lesiones
1887 953 1929 989 et
1961 961 2071 1003 gra-

225 1021 388 1059 uamina
429 1018 646 1057 intendere
686 1018 923 1057 debeamus.
972 1021 1014 1058 et
1053 1019 1226 1058 eandem
1264 1020 1401 1058 villam
1442 1019 1797 1058 VValtherowich.
1839 1029 1916 1068 per
1954 1029 2072 1069 quam

225 1087 411 1138 predicta
446 1086 556 1125 beati
594 1086 808 1125 michaelis
843 1087 1040 1125 eeclesia.
1080 1099 1105 1126 a
1138 1088 1291 1126 nostris
1324 1087 1669 1141 progenitoribus
1712 1086 1941 1125 dinoscitur
1973 1096 2071 1125 esse

225 1155 414 1194 absolute
447 1154 598 1193 dotata.
627 1155 705 1205 ipsi
739 1155 922 1194 ecclesie
950 1158 990 1194 et
1023 1155 1112 1193 eius
1146 1156 1382 1205 pastoribus
1409 1155 1619 1208 legitimis.
1644 1155 1783 1205 quiete
1815 1165 1866 1193 ac
1898 1152 2071 1205 pacifice

225 1225 424 1273 perpetuo
457 1222 749 1272 possidendam
783 1223 1034 1273 presentium
1067 1224 1299 1262 testimonio
1333 1221 1630 1263 confirmamus.
1662 1222 1855 1262 volentes
1889 1221 2069 1261 eiusdem

224 1289 406 1328 ecclesie
438 1294 645 1340 pastores.
680 1289 842 1340 prefate
880 1290 978 1329 ville
1011 1292 1283 1341 possessione
1316 1291 1673 1330 interminabiliter
1711 1291 1872 1342 absque
1905 1301 2070 1344 graua-

223 1358 329 1396 mine
369 1358 551 1409 quolibet
590 1362 632 1398 et
672 1358 957 1409 impedimento
1007 1359 1215 1412 gaudere.
1278 1360 1474 1398 Presenti
1512 1359 1797 1398 nichilominus
1838 1361 2070 1397 statuentes

224 1425 372 1464 edicto.
434 1426 502 1465 Ne
542 1427 633 1477 quis
674 1426 874 1466 heredum
914 1430 985 1466 aut
1026 1437 1318 1466 successorum
1366 1430 1611 1466 nostrorum.
1657 1427 1726 1466 vel
1767 1425 1984 1478 quisquam¹
2019 1426 2070 1465 de

222 1494 415 1544 personis
448 1494 752 1533 ecclesiasticis
778 1495 848 1533 vel
880 1495 1095 1534 mundanis
1129 1496 1259 1545 ipsum
1287 1496 1532 1549 magistrum
1568 1494 1643 1536 W.
1676 1506 1727 1533 ac
1760 1506 1862 1533 suos
1894 1504 2071 1533 succes-

223 1572 356 1600 sores.
390 1563 430 1600 111
460 1562 604 1601 eadem
627 1562 724 1601 uilla
752 1563 962 1613 impedire.
996 1563 1230 1602 molestare.
1254 1564 1323 1602 vel
1357 1573 1613 1614 quacumque
1646 1563 1871 1601 occasione
1904 1566 2072 1613 pertur-

223 1629 325 1668 bare
365 1634 587 1680 presumat.
653 1629 774 1678 Qvod
816 1632 885 1682 qui
933 1632 1244 1681 presumpserit.
1285 1632 1464 1682 quinque
1511 1641 1674 1669 marcas
1714 1631 1804 1669 auri
1845 1642 1920 1680 pro
1962 1641 2070 1680 pena

226 1694 405 1737 Camere
454 1700 598 1737 nostre
649 1698 691 1737 in
738 1699 969 1749 exemplum
1014 1699 1296 1738 inobedientie
1344 1702 1386 1738 et
1433 1702 1704 1749 contemptum
1753 1698 2070 1748 presumptionis

223 1769 449 1815 componat.
513 1766 561 1804 In
602 1765 723 1805 hqus
764 1767 903 1817 itaque
943 1771 1086 1806 nostre
1120 1767 1425 1806 constitutionis
1459 1770 1500 1806 et
1533 1765 1853 1806 confirmationis
1890 1766 2072 1805 decreta.

222 1832 349 1871 robur
381 1836 422 1872 et
460 1837 702 1884 perpetuam
736 1832 973 1873 firmitatem.
1014 1835 1224 1885 presentis
1264 1835 1477 1888 priuilegii
1515 1835 1714 1888 paginam
1753 1834 1832 1884 ipsi
1865 1835 2070 1887 magistro

223 1898 302 1938 W.
337 1903 377 1938 et
412 1902 594 1940 ecclesie
626 1900 803 1952 prefate.
838 1914 927 1940 cum
950 1902 1180 1941 testimonio
1214 1903 1539 1953 subscriptorum
1571 1903 1759 1941 duximus
1799 1901 2073 1941 exhibendam

221 1970 453 2006 nostrorum
486 1969 715 2022 sigillorum
742 1971 1000 2019 appensione
1033 1971 1235 2009 munitam.
1269 1976 1309 2009 et
1334 1970 1606 2021 perhenniter
1636 1970 1868 2010 valituram.
1901 1970 2070 2008 Testes.

222 2033 430 2074 VViricus
465 2034 568 2075 filius
602 2037 719 2075 ducis
752 2037 975 2076 Karinthie
1008 2037 1153 2087 Nepos
1187 2041 1342 2076 noster.
1377 2038 1586 2076 Iohannes
1620 2038 1734 2076 miles
1762 2038 1865 2076 eius.
1899 2037 2072 2076 Zacha-

225 2102 309 2141 rias
360 2105 481 2153 prior.
530 2104 780 2143 Anthonius.
828 2103 1084 2144 Gothsridus.
1124 2103 1278 2143 fratres
1321 2105 1478 2143 ordInis
1520 2104 1838 2155 predicatorum.
1885 2104 2071 2145 Bochko.

224 2169 482 2223 burgi-auius
514 2172 792 2211 Znoimensis.
832 2173 1104 2213 Dluhomilus.
1135 2172 1304 2212 lencho.
1337 2171 1442 2211 filius
1475 2173 1696 2211 Ratiborii.
1738 2172 1923 2212 Drazko.
1964 2172 2072 2213 Otto.

224 2240 458 2288 prepositus
491 2241 770 2279 melnicensis
799 2239 1020 2281 Conradus
1053 2245 1095 2280 et
1120 2239 1252 2281 Cono.
1286 2240 1447 2290 phisici.
1473 2240 1754 2294 Zungelinus.
1788 2241 1922 2280 etalii
1955 2251 2072 2292 quam

228 2305 381 2353 plures.
444 2308 553 2347 Acta
600 2312 696 2348 sunt
743 2308 822 2347 hec
872 2321 980 2347 anuo
1029 2309 1230 2348 dominice
1278 2308 1582 2348 Incarnatiouis
1631 2309 1692 2349 M.
1734 2306 1823 2348 CC.
1862 2308 1957 2348 XL.
1997 2308 2072 2351 111.

225 2371 378 2411 Mense
419 2373 663 2415 decembris.
727 2376 958 2416 Indictione
1006 2376 1192 2415 secunda
1244 2377 1283 2414 in
1330 2374 1517 2415 Castello
1557 2376 1750 2429 Burglin.
1790 2386 1866 2426 per
1913 2386 2072 2414 manvm

227 2440 341 2479 curie
373 2446 514 2480 nostre
547 2445 696 2482 notarii
728 2445 1041 2484 Rembothonis.
1106 2446 1243 2483 Anno.
1280 2444 1434 2484 Mense
1475 2448 1517 2483 et
1548 2444 1779 2484 Indictione
1812 2444 2072 2495 prescriptis.

535 2519 588 2550 Ex
611 2522 806 2562 originali
831 2523 861 2552 in
884 2521 1019 2553 archivo
1044 2520 1122 2554 Soc.
1145 2522 1228 2553 Jesu
1252 2522 1536 2562 znoymensi&
