2155 2928
932 152 1036 194 389

58 292 202 335 uerba.
251 290 478 342 (Omnibus
514 291 724 343 presentia
754 291 916 330 uisuris
948 291 1095 330 christi
1122 291 1326 344 fidelibus.
1359 292 1413 331 P.
1446 292 1512 332 dei
1539 297 1677 345 ‚qratia
1704 298 1891 338 marchio

59 361 245 402 morauie
261 389 271 399 .
290 388 300 397 .
318 389 328 399 .
345 358 686 400 MCCXXXIV.
709 358 812 398 Vide
826 371 867 397 n.
886 358 1004 399 0011
1017 360 1113 398 VII.
1134 360 1180 398 T.
1201 360 1283 409 II.)
1301 360 1570 413 Priuilegium
1587 364 1705 401 etiam
1732 365 1891 404 Domini

61 428 317 470 wencezlai
351 428 418 477 pie
451 426 754 465 recordationis
779 427 919 479 Regis
947 426 1237 478 gloriosissimi
1263 427 1518 466 Boemorum.
1543 429 1635 467 1111.
1664 433 1892 480 recepimus

59 496 135 536 sub
166 495 246 534 hac
272 493 413 533 forma.
452 494 528 542 (In
559 494 723 531 nomine
747 496 888 531 sancte
912 496 951 530 et
973 493 1187 532 indiuidne
1211 495 1402 533 trinitatis
1428 507 1558 533 anien.
1598 496 1686 534 Nos
1721 498 1893 536 ll'ence-

57 564 178 604 zlaus
210 591 220 601 .
253 591 264 602 .
296 591 307 601 .
338 560 679 602 MCOXXXVJ.
722 560 873 599 Pridie
905 561 1005 599 Kal.
1039 561 1151 599 Iulii.
1190 561 1292 600 Vide
1324 574 1364 600 n.
1399 561 1692 602 CCLXXIII.
1728 564 1775 602 T.
1809 565 1893 614 ΙΙ.)

58 630 330 684 Priuilegium
363 630 483 668 etiam
518 628 665 667 domini
697 627 873 666 Roberti
908 628 1192 668 olomucensis
1226 631 1408 680 episcopi
1442 631 1672 680 recepimus
1712 632 1750 669 in
1784 632 1890 671 bunc

58 698 226 739 modum.
275 697 350 746 (In
389 697 554 735 nomine
588 698 730 734 sancte
765 697 959 735 trinitatis
990 709 1120 735 aneen.
1162 696 1369 737 Robertus
1402 726 1411 736 .
1445 725 1454 734 .
1488 726 1497 735 .
1530 697 1894 737 MCCXXXIs'Il.

65 766 167 807 Vide
182 764 568 806 n-CC'LXXXIX.
588 763 1019 817 T.11.)P1·iuilegium
1040 765 1158 802 etiam
1178 765 1382 802 Brunonis
1404 765 1689 803 olomucensis.
1709 766 1895 815 episcopi

58 834 288 884 recepimus
322 833 361 871 in
394 832 472 870 hec
507 831 650 870 uerba.
712 832 766 869 B.
801 830 867 869 dei
895 833 1034 881 qratia
1069 831 1356 870 olomucensis
1399 833 1631 882 episeopus.
1678 832 1894 871 I'ninersis

55 904 284 955 presentem
329 901 504 939 litteram
543 900 792 950 inspecturis
842 902 1021 938 eternam
1071 900 1256 937 salntem.
1304 902 1342 936 et
1387 900 1593 936 sinceram
1642 899 1684 936 in
1730 899 1895 937 domino

58 970 282 1009 caritatem.
352 967 403 1007 Vt
427 967 552 1019 finem
584 966 721 1006 litibus
754 968 1002 1017 inponamus
1040 969 1251 1018 presentes
1291 966 1479 1004 rolmnus
1520 967 1632 1003 scire
1663 968 1701 1003 et
1726 967 1894 1017 futuros

59 1036 169 1089 quod
205 1048 283 1076 nos
324 1047 450 1086 super
489 1035 699 1086 questione
743 1035 833 1072 sine
879 1036 1039 1072 actione
1087 1046 1208 1084 quam
1256 1032 1460 1071 abbatissa
1507 1035 1545 1070 et
1581 1036 1804 1070 conuentus
1843 1031 1894 1070 de

63 1105 248 1145 Ozlawa.
289 1103 413 1142 vallis
458 1105 600 1141 sancte
644 1102 777 1140 marie
821 1100 964 1140 habuit
1001 1104 1143 1140 contra
1184 1101 1403 1139 arnoldum
1442 1101 1699 1138 serenissimi
1737 1099 1893 1138 domini

59 1173 173 1223 reqis
205 1171 440 1210 boemorum
472 1171 691 1209 notarium.
725 1182 850 1221 super
882 1181 992 1208 noua
1026 1169 1201 1207 ecclesia
1234 1168 1385 1206 amlitis
1418 1166 1577 1205 iuribus
1609 1169 1647 1204 et
1676 1167 1894 1216 (1116901ἱο-

58 1239 177 1280 nibus
206 1240 388 1291 partium
415 1241 683 1288 utrarumque
706 1237 990 1276 sententiando
1015 1238 1149 1288 ipsum
1175 1237 1379 1286 neqotium
1404 1234 1631 1286 diffinimus
1655 1233 1765 1284 quod
1787 1233 1894 1271 idem

58 1307 260 1348 arnoldus
298 1309 434 1358 ipsam
471 1306 690 1344 ecclesiam
732 1306 814 1344 uite
855 1317 929 1343 sue
961 1304 1208 1355 temporibus
1238 1304 1358 1354 plene
1389 1315 1438 1340 ac
1467 1302 1641 1352 pacifice
1670 1300 1897 1351 possidebit

59 1378 97 1415 et
123 1376 188 1414 ius
217 1377 462 1426 patronatus
495 1373 788 1425 adjudicamus
822 1373 1042 1411 conuentui
1073 1373 1306 1410 memorato.
1369 1370 1420 1407 In
1462 1370 1579 1407 cuias
1617 1369 1680 1406 rei
1711 1369 1892 1405 testimo-

62 1444 176 1483 nium
222 1455 274 1482 ac
322 1441 493 1481 euidens
540 1444 827 1491 aryumentwn
878 1452 1052 1491 presens
1103 1440 1301 1488 scriptum
1345 1439 1485 1474 nostro
1533 1436 1672 1484 siyillo
1714 1435 1893 1486 fecimus

61 1511 277 1566 commi-iri.
346 1509 471 1551 Unde
520 1509 598 1547 hiis
648 1508 882 1561 priuilegiis
931 1507 1093 1546 auditis.
1141 1505 1434 1544 Venerabilem
1480 1504 1690 1541 Dominum
1737 1506 1892 1552 patrem

61 1582 254 1618 nostrum.
294 1578 352 1617 Io.
395 1577 627 1630 pragensis
671 1576 853 1615 ecclesie
886 1576 1133 1626 episcopum.
1174 1573 1325 1612 eisdem
1366 1571 1599 1623 priuilegiis
1640 1569 1717 1607 sibi
1758 1569 1892 1606 missis

64 1645 381 1699 diligentissime
414 1645 602 1684 duximus
635 1643 943 1683 consulendum.
996 1641 1073 1689 Qui
1107 1642 1206 1680 uisis
1240 1644 1280 1678 et
1314 1639 1507 1689 perlectis
1540 1637 1658 1675 nobis
1692 1635 1895 1673 consuluit

60 1713 168 1753 bona
201 1711 292 1753 fide.
332 1715 376 1751 ut
414 1713 479 1751 ius
512 1716 755 1763 patronatus
797 1712 1027 1761 prescripte
1069 1720 1173 1748 noue
1214 1707 1394 1746 ecclesie
1435 1704 1657 1742 omnimode
1689 1703 1892 1754 resigna-

61 1791 209 1820 remus.
271 1780 339 1820 Ad
381 1781 611 1819 memoriam
654 1780 785 1832 igitur
825 1779 884 1817 rei
928 1782 1162 1828 perpetuam
1203 1778 1329 1828 gesta
1372 1772 1535 1825 regalia
1576 1771 1891 1819 calumpniarum

62 1849 265 1898 scrupulis
298 1849 499 1898 exemptis
534 1847 784 1898 quibuslibet
817 1846 1102 1884 inuiolabiliter
1134 1848 1176 1882 ut
1211 1846 1430 1880 seruentur
1464 1839 1617 1877 eadem.
1651 1839 1892 1887 scriptorum

58 1917 271 1956 uocabulis
315 1915 504 1954 duximus
545 1914 827 1966 mancipanda.
882 1914 989 1951 llinc
1037 1915 1101 1950 est
1147 1910 1251 1961 quod
1292 1914 1435 1947 tenore
1485 1906 1732 1956 presentium
1782 1905 1892 1942 scire

61 1984 245 2024 volumus
293 1985 514 2023 uniuersos
552 1987 632 2022 tam
674 1986 866 2032 posteros
916 1992 1033 2030 quam
1073 1981 1291 2028 presentes
1339 1974 1445 2025 quod
1494 1985 1568 2011 nos
1608 1984 1732 2021 supra
1773 1971 1892 2009 dictis

61 2051 207 2091 edocte
240 2052 474 2105 priuilegiis
508 2050 761 2090 sufficienter
803 2053 843 2087 et
883 2059 984 2098 sepe
1024 2047 1117 2084 dicti
1159 2045 1302 2083 domini
1337 2041 1562 2093 pragensis
1597 2039 1780 2088 episcopi
1815 2048 1891 2076 use

63 2121 232 2159 consilio
265 2121 447 2158 saniore.
492 2119 543 2157 ob
578 2119 947 2157 remunerationem
983 2116 1064 2154 uite
1099 2111 1404 2151 interminabilis
1438 2113 1477 2146 et
1511 2112 1667 2145 eterne.
1702 2117 1778 2143 nec
1812 2116 1893 2143 non

64 2187 115 2226 ob
147 2188 318 2227 salutem
357 2188 487 2226 mariti
521 2187 650 2225 nostri
683 2185 900 2225 karissimi.
945 2182 992 2222 0.
1034 2180 1288 2220 serenissimi
1332 2178 1451 2229 regis
1485 2175 1716 2213 boemorum
1751 2172 1891 2223 quinti.

62 2258 103 2294 et
133 2260 325 2295 nostram.
362 2260 677 2305 nostrorumque
717 2254 948 2291 liberorum.
990 2251 1051 2288 ius
1095 2250 1333 2298 patronatus
1374 2254 1479 2282 noue
1519 2241 1700 2279 ecclesie
1734 2240 1892 2278 domine

62 2323 272 2363 abbatisse
314 2328 356 2363 et
393 2324 522 2374 ipsius
562 2322 782 2361 conuentui
823 2318 1003 2358 totaliter
1043 2316 1307 2367 resignamus
1354 2315 1394 2349 et
1436 2307 1682 2348 conserimus
1722 2307 1892 2345 eandem

64 2391 281 2430 ecclesiam
315 2392 404 2430 iure
438 2395 637 2442 perpetuo
673 2386 843 2439 pacifice
878 2382 1181 2436 possidendam.
1237 2380 1390 2421 Uerum
1424 2388 1476 2416 ne
1510 2379 1700 2426 pretextu
1734 2374 1894 2412 malicie

65 2459 299 2510 cuiusquam
333 2459 384 2498 de
417 2457 525 2498 sacto
559 2460 684 2509 queat
716 2456 850 2505 aliqua
884 2454 1133 2501 inposterum
1167 2458 1368 2498 processu
1401 2445 1593 2494 temporis
1627 2454 1702 2492 per
1728 2446 1893 2479 nostros

65 2537 339 2567 successores
393 2527 581 2580 litigiosa
632 2523 861 2573 calumpnia
917 2517 1107 2557 suboriri.
1170 2516 1217 2554 In
1265 2513 1535 2553 testimonium
1579 2510 1806 2550 memoriam
1854 2510 1895 2546 et
