<?xml version="1.0" encoding="UTF-8"?>
<!DOCTYPE html PUBLIC "-//W3C//DTD XHTML 1.0 Transitional//EN"
    "http://www.w3.org/TR/xhtml1/DTD/xhtml1-transitional.dtd">
<html xmlns="http://www.w3.org/1999/xhtml" xml:lang="en" lang="en">
 <head>
  <title>
</title>
<meta http-equiv="Content-Type" content="text/html;charset=utf-8" />
  <meta name='ocr-system' content='tesseract 3.04.00' />
  <meta name='ocr-capabilities' content='ocr_page ocr_carea ocr_par ocr_line ocrx_word'/>
</head>
<body>
  <div class='ocr_page' id='page_1' title='image "./codexdiplomaticu03morauoft_0053.png"; bbox 0 0 2155 2928; ppageno 0'>
   <div class='ocr_carea' id='block_1_1' title="bbox 931 129 997 168">
    <p class='ocr_par' dir='ltr' id='par_1_1' title="bbox 931 129 997 168">
     <span class='ocr_line' id='line_1_1' title="bbox 931 129 997 168; baseline 0 0"><span class='ocrx_word' id='word_1_1' title='bbox 931 129 997 168; x_wconf 86' lang='lat'><strong>35</strong></span> 
     </span>
    </p>
   </div>
   <div class='ocr_carea' id='block_1_2' title="bbox 959 185 1113 188">
    <p class='ocr_par' dir='ltr' id='par_1_2' title="bbox 959 185 1113 188">
     <span class='ocr_line' id='line_1_2' title="bbox 959 185 1113 188; baseline 0 0"><span class='ocrx_word' id='word_1_2' title='bbox 959 185 1113 188; x_wconf 95' lang='lat' dir='ltr'><strong> </strong></span> 
     </span>
    </p>
   </div>
   <div class='ocr_carea' id='block_1_3' title="bbox 878 268 1059 308">
    <p class='ocr_par' dir='ltr' id='par_1_3' title="bbox 878 268 1059 308">
     <span class='ocr_line' id='line_1_3' title="bbox 878 268 1059 308; baseline 0.006 -1"><span class='ocrx_word' id='word_1_3' title='bbox 878 268 1059 308; x_wconf 72' lang='lat' dir='ltr'><strong>XLVII.</strong></span> 
     </span>
    </p>
   </div>
   <div class='ocr_carea' id='block_1_4' title="bbox 47 360 1882 536">
    <p class='ocr_par' dir='ltr' id='par_1_4' title="bbox 47 360 1882 536">
     <span class='ocr_line' id='line_1_4' title="bbox 54 360 1882 415; baseline 0.003 -17"><span class='ocrx_word' id='word_1_4' title='bbox 54 360 338 411; x_wconf 57' lang='lat' dir='ltr'><strong>{Vena-eslans,</strong></span> <span class='ocrx_word' id='word_1_5' title='bbox 370 372 453 398; x_wconf 65' lang='lat' dir='ltr'><strong>rex</strong></span> <span class='ocrx_word' id='word_1_6' title='bbox 484 360 754 411; x_wconf 68' lang='lat' dir='ltr'><strong>Boemorum,</strong></span> <span class='ocrx_word' id='word_1_7' title='bbox 781 360 1013 412; x_wconf 77' lang='lat' dir='ltr'><strong>Ratiborz’o,</strong></span> <span class='ocrx_word' id='word_1_8' title='bbox 1047 362 1273 401; x_wconf 77' lang='lat' dir='ltr'><strong>castellano</strong></span> <span class='ocrx_word' id='word_1_9' title='bbox 1298 361 1349 401; x_wconf 84' lang='lat' dir='ltr'><strong>de</strong></span> <span class='ocrx_word' id='word_1_10' title='bbox 1387 362 1577 414; x_wconf 67' lang='lat' dir='ltr'><strong>Wewm&#39;j,</strong></span> <span class='ocrx_word' id='word_1_11' title='bbox 1601 362 1882 415; x_wconf 76' lang='lat' dir='ltr'><strong><em>defensionem</em></strong></span> 
     </span>
     <span class='ocr_line' id='line_1_5' title="bbox 47 426 1881 482; baseline 0.003 -16"><span class='ocrx_word' id='word_1_12' title='bbox 47 426 205 467; x_wconf 63' lang='lat' dir='ltr'><strong>Alberte·</strong></span> <span class='ocrx_word' id='word_1_13' title='bbox 233 428 463 480; x_wconf 72' lang='lat' dir='ltr'><em>praepositi</em></span> <span class='ocrx_word' id='word_1_14' title='bbox 488 430 527 466; x_wconf 80' lang='lat' dir='ltr'><strong>et</strong></span> <span class='ocrx_word' id='word_1_15' title='bbox 554 428 795 467; x_wconf 71' lang='lat' dir='ltr'><strong>monasterii</strong></span> <span class='ocrx_word' id='word_1_16' title='bbox 818 428 1217 468; x_wconf 68' lang='lat' dir='ltr'><strong>Daubrawnicensis</strong></span> <span class='ocrx_word' id='word_1_17' title='bbox 1250 432 1394 469; x_wconf 76' lang='lat' dir='ltr'><strong>contra</strong></span> <span class='ocrx_word' id='word_1_18' title='bbox 1417 431 1686 482; x_wconf 72' lang='lat' dir='ltr'><strong>injuriatores</strong></span> <span class='ocrx_word' id='word_1_19' title='bbox 1717 431 1881 471; x_wconf 75' lang='lat' dir='ltr'><strong>inhibet.</strong></span> 
     </span>
     <span class='ocr_line' id='line_1_6' title="bbox 839 496 1088 536; baseline 0.008 -2"><span class='ocrx_word' id='word_1_20' title='bbox 839 509 899 534; x_wconf 84' lang='lat' dir='ltr'><strong>cc.</strong></span> <span class='ocrx_word' id='word_1_21' title='bbox 938 496 1088 536; x_wconf 76' lang='lat'><strong>1243.</strong></span> 
     </span>
    </p>
   </div>
   <div class='ocr_carea' id='block_1_5' title="bbox 46 585 1889 2547">
    <p class='ocr_par' dir='ltr' id='par_1_5' title="bbox 46 585 1889 2547">
     <span class='ocr_line' id='line_1_7' title="bbox 132 585 1881 661; baseline 0.001 -15"><span class='ocrx_word' id='word_1_22' title='bbox 132 585 252 646; x_wconf 86' lang='lat' dir='ltr'><strong>W.</strong></span> <span class='ocrx_word' id='word_1_23' title='bbox 274 605 340 643; x_wconf 92' lang='lat' dir='ltr'><strong>dei</strong></span> <span class='ocrx_word' id='word_1_24' title='bbox 363 606 514 658; x_wconf 84' lang='lat' dir='ltr'>gracia</span> <span class='ocrx_word' id='word_1_25' title='bbox 532 616 611 644; x_wconf 86' lang='lat' dir='ltr'><strong>rex</strong></span> <span class='ocrx_word' id='word_1_26' title='bbox 626 606 870 644; x_wconf 89' lang='lat' dir='ltr'><strong>Boemorum</strong></span> <span class='ocrx_word' id='word_1_27' title='bbox 888 604 995 644; x_wconf 88' lang='lat' dir='ltr'><strong>fideli</strong></span> <span class='ocrx_word' id='word_1_28' title='bbox 1023 617 1097 645; x_wconf 90' lang='lat' dir='ltr'><strong>suo</strong></span> <span class='ocrx_word' id='word_1_29' title='bbox 1121 606 1348 645; x_wconf 88' lang='lat' dir='ltr'><strong>castellano</strong></span> <span class='ocrx_word' id='word_1_30' title='bbox 1370 606 1421 646; x_wconf 89' lang='lat' dir='ltr'><strong>de</strong></span> <span class='ocrx_word' id='word_1_31' title='bbox 1444 608 1603 646; x_wconf 91' lang='lat' dir='ltr'><strong>ueueri.</strong></span> <span class='ocrx_word' id='word_1_32' title='bbox 1621 607 1674 646; x_wconf 91' lang='lat' dir='ltr'><strong>R.</strong></span> <span class='ocrx_word' id='word_1_33' title='bbox 1693 609 1881 661; x_wconf 80' lang='lat' dir='ltr'>graciam</span> 
     </span>
     <span class='ocr_line' id='line_1_8' title="bbox 47 672 1882 725; baseline 0.002 -15"><span class='ocrx_word' id='word_1_34' title='bbox 47 683 163 711; x_wconf 89' lang='lat' dir='ltr'><strong>suam</strong></span> <span class='ocrx_word' id='word_1_35' title='bbox 195 683 285 711; x_wconf 89' lang='lat' dir='ltr'><strong>cum</strong></span> <span class='ocrx_word' id='word_1_36' title='bbox 318 673 558 712; x_wconf 86' lang='lat' dir='ltr'><strong>dileccionis</strong></span> <span class='ocrx_word' id='word_1_37' title='bbox 591 672 751 712; x_wconf 87' lang='lat' dir='ltr'><strong>affectu.</strong></span> <span class='ocrx_word' id='word_1_38' title='bbox 813 673 861 714; x_wconf 87' lang='lat' dir='ltr'><strong>Si</strong></span> <span class='ocrx_word' id='word_1_39' title='bbox 900 673 1058 712; x_wconf 90' lang='lat' dir='ltr'><strong>domino</strong></span> <span class='ocrx_word' id='word_1_40' title='bbox 1090 684 1167 723; x_wconf 92' lang='lat' dir='ltr'><strong>per</strong></span> <span class='ocrx_word' id='word_1_41' title='bbox 1197 685 1367 724; x_wconf 74' lang='lat' dir='ltr'><strong>moysen</strong></span> <span class='ocrx_word' id='word_1_42' title='bbox 1401 675 1660 725; x_wconf 80' lang='lat' dir='ltr'><strong>precipiente</strong></span> <span class='ocrx_word' id='word_1_43' title='bbox 1693 677 1882 725; x_wconf 89' lang='lat' dir='ltr'><strong>parenti-</strong></span> 
     </span>
     <span class='ocr_line' id='line_1_9' title="bbox 46 739 1883 794; baseline 0.002 -16"><span class='ocrx_word' id='word_1_44' title='bbox 46 739 125 779; x_wconf 89' lang='lat' dir='ltr'><strong>bus</strong></span> <span class='ocrx_word' id='word_1_45' title='bbox 166 740 402 779; x_wconf 88' lang='lat' dir='ltr'><strong>carnalibus</strong></span> <span class='ocrx_word' id='word_1_46' title='bbox 442 741 509 791; x_wconf 94' lang='lat' dir='ltr'><strong>qui</strong></span> <span class='ocrx_word' id='word_1_47' title='bbox 551 752 627 779; x_wconf 98' lang='grc'>1108</span> <span class='ocrx_word' id='word_1_48' title='bbox 673 741 725 780; x_wconf 85' lang='grc'><strong>311</strong></span> <span class='ocrx_word' id='word_1_49' title='bbox 764 745 931 780; x_wconf 88' lang='grc'>1110110111</span> <span class='ocrx_word' id='word_1_50' title='bbox 971 741 1249 791; x_wconf 79' lang='lat' dir='ltr'><strong>temporaliter</strong></span> <span class='ocrx_word' id='word_1_51' title='bbox 1288 747 1562 794; x_wconf 90' lang='lat' dir='ltr'><strong>generarunt.</strong></span> <span class='ocrx_word' id='word_1_52' title='bbox 1601 743 1799 781; x_wconf 86' lang='lat' dir='ltr'><strong>honorem</strong></span> <span class='ocrx_word' id='word_1_53' title='bbox 1841 747 1883 782; x_wconf 90' lang='lat' dir='ltr'><strong>et</strong></span> 
     </span>
     <span class='ocr_line' id='line_1_10' title="bbox 47 806 1882 862; baseline 0.002 -16"><span class='ocrx_word' id='word_1_54' title='bbox 47 806 250 847; x_wconf 88' lang='lat' dir='ltr'><strong>beneficia</strong></span> <span class='ocrx_word' id='word_1_55' title='bbox 287 809 529 858; x_wconf 89' lang='lat' dir='ltr'><strong>temporalia</strong></span> <span class='ocrx_word' id='word_1_56' title='bbox 568 808 765 847; x_wconf 89' lang='lat' dir='ltr'><strong>debemus</strong></span> <span class='ocrx_word' id='word_1_57' title='bbox 804 807 1033 858; x_wconf 89' lang='lat' dir='ltr'><strong>inpendere</strong></span> <span class='ocrx_word' id='word_1_58' title='bbox 1071 809 1191 847; x_wconf 88' lang='lat' dir='ltr'><strong>multo</strong></span> <span class='ocrx_word' id='word_1_59' title='bbox 1231 810 1368 862; x_wconf 88' lang='lat' dir='ltr'><strong>magis</strong></span> <span class='ocrx_word' id='word_1_60' title='bbox 1410 809 1489 848; x_wconf 91' lang='lat' dir='ltr'><strong>deo</strong></span> <span class='ocrx_word' id='word_1_61' title='bbox 1531 811 1650 860; x_wconf 87' lang='lat' dir='ltr'><strong>patri.</strong></span> <span class='ocrx_word' id='word_1_62' title='bbox 1692 814 1734 849; x_wconf 92' lang='lat' dir='ltr'><strong>et</strong></span> <span class='ocrx_word' id='word_1_63' title='bbox 1764 811 1882 849; x_wconf 88' lang='lat' dir='ltr'><strong>matri</strong></span> 
     </span>
     <span class='ocr_line' id='line_1_11' title="bbox 47 876 1883 928; baseline 0.002 -15"><span class='ocrx_word' id='word_1_64' title='bbox 47 879 190 914; x_wconf 86' lang='lat' dir='ltr'><strong>nostre</strong></span> <span class='ocrx_word' id='word_1_65' title='bbox 222 887 257 913; x_wconf 93' lang='grc'><strong>8.</strong></span> <span class='ocrx_word' id='word_1_66' title='bbox 283 876 466 914; x_wconf 88' lang='lat' dir='ltr'><strong>ecclesie</strong></span> <span class='ocrx_word' id='word_1_67' title='bbox 499 887 578 926; x_wconf 92' lang='lat' dir='ltr'><strong>que</strong></span> <span class='ocrx_word' id='word_1_68' title='bbox 604 887 681 914; x_wconf 91' lang='lat' dir='ltr'><strong>nos</strong></span> <span class='ocrx_word' id='word_1_69' title='bbox 713 887 789 926; x_wconf 91' lang='lat' dir='ltr'><strong>per</strong></span> <span class='ocrx_word' id='word_1_70' title='bbox 816 876 1005 928; x_wconf 81' lang='lat' dir='ltr'><strong>graciam</strong></span> <span class='ocrx_word' id='word_1_71' title='bbox 1036 877 1169 914; x_wconf 90' lang='lat' dir='ltr'><strong>sancti</strong></span> <span class='ocrx_word' id='word_1_72' title='bbox 1195 877 1363 926; x_wconf 90' lang='lat' dir='ltr'><strong>spiritus</strong></span> <span class='ocrx_word' id='word_1_73' title='bbox 1387 878 1657 927; x_wconf 82' lang='lat' dir='ltr'><strong>spiritualiter</strong></span> <span class='ocrx_word' id='word_1_74' title='bbox 1684 878 1736 917; x_wconf 89' lang='lat' dir='ltr'><strong>ad</strong></span> <span class='ocrx_word' id='word_1_75' title='bbox 1761 880 1883 917; x_wconf 89' lang='lat' dir='ltr'><strong>uitam</strong></span> 
     </span>
     <span class='ocr_line' id='line_1_12' title="bbox 47 942 1881 996; baseline 0.002 -16"><span class='ocrx_word' id='word_1_76' title='bbox 47 948 282 995; x_wconf 89' lang='lat' dir='ltr'><strong>regenerat</strong></span> <span class='ocrx_word' id='word_1_77' title='bbox 312 944 611 993; x_wconf 88' lang='lat' dir='ltr'><strong>sempiternam.</strong></span> <span class='ocrx_word' id='word_1_78' title='bbox 658 944 747 982; x_wconf 89' lang='lat' dir='ltr'><strong>Nos</strong></span> <span class='ocrx_word' id='word_1_79' title='bbox 780 944 909 996; x_wconf 90' lang='lat' dir='ltr'><strong>igitur</strong></span> <span class='ocrx_word' id='word_1_80' title='bbox 933 944 1022 981; x_wconf 91' lang='lat' dir='ltr'><strong>eius</strong></span> <span class='ocrx_word' id='word_1_81' title='bbox 1056 954 1153 981; x_wconf 91' lang='grc'>0880</span> <span class='ocrx_word' id='word_1_82' title='bbox 1186 942 1303 982; x_wconf 90' lang='lat' dir='ltr'><strong>filium</strong></span> <span class='ocrx_word' id='word_1_83' title='bbox 1336 956 1418 982; x_wconf 91' lang='lat' dir='ltr'><strong>non</strong></span> <span class='ocrx_word' id='word_1_84' title='bbox 1450 944 1697 984; x_wconf 88' lang='lat' dir='ltr'><strong>dubitantes.</strong></span> <span class='ocrx_word' id='word_1_85' title='bbox 1731 950 1881 996; x_wconf 87' lang='lat' dir='ltr'><strong>quanto</strong></span> 
     </span>
     <span class='ocr_line' id='line_1_13' title="bbox 47 1010 1883 1065; baseline 0.002 -17"><span class='ocrx_word' id='word_1_86' title='bbox 47 1011 191 1048; x_wconf 90' lang='lat' dir='ltr'><strong>maiori</strong></span> <span class='ocrx_word' id='word_1_87' title='bbox 224 1010 362 1049; x_wconf 91' lang='lat' dir='ltr'><strong>diuina</strong></span> <span class='ocrx_word' id='word_1_88' title='bbox 395 1012 611 1049; x_wconf 88' lang='lat' dir='ltr'><strong>clementia</strong></span> <span class='ocrx_word' id='word_1_89' title='bbox 650 1011 861 1063; x_wconf 78' lang='lat' dir='ltr'><strong>largiente</strong></span> <span class='ocrx_word' id='word_1_90' title='bbox 899 1022 1037 1049; x_wconf 86' lang='lat' dir='ltr'><strong>sumus</strong></span> <span class='ocrx_word' id='word_1_91' title='bbox 1069 1012 1111 1049; x_wconf 90' lang='lat' dir='ltr'><strong>in</strong></span> <span class='ocrx_word' id='word_1_92' title='bbox 1150 1011 1295 1050; x_wconf 89' lang='lat' dir='ltr'><strong>eadem</strong></span> <span class='ocrx_word' id='word_1_93' title='bbox 1327 1012 1467 1064; x_wconf 87' lang='lat' dir='ltr'><strong>regali</strong></span> <span class='ocrx_word' id='word_1_94' title='bbox 1506 1012 1645 1065; x_wconf 89' lang='lat' dir='ltr'><strong>gloria</strong></span> <span class='ocrx_word' id='word_1_95' title='bbox 1679 1013 1883 1052; x_wconf 90' lang='lat' dir='ltr'><strong>sublimati</strong></span> 
     </span>
     <span class='ocr_line' id='line_1_14' title="bbox 48 1076 1883 1132; baseline 0.002 -17"><span class='ocrx_word' id='word_1_96' title='bbox 48 1080 161 1115; x_wconf 87' lang='lat' dir='ltr'><strong>tanto</strong></span> <span class='ocrx_word' id='word_1_97' title='bbox 194 1078 442 1127; x_wconf 85' lang='lat' dir='ltr'><strong>propensius</strong></span> <span class='ocrx_word' id='word_1_98' title='bbox 475 1082 516 1116; x_wconf 92' lang='lat' dir='ltr'><strong>et</strong></span> <span class='ocrx_word' id='word_1_99' title='bbox 539 1076 684 1117; x_wconf 90' lang='lat' dir='ltr'><strong>fretius</strong></span> <span class='ocrx_word' id='word_1_100' title='bbox 717 1083 862 1117; x_wconf 91' lang='lat' dir='ltr'><strong>contra</strong></span> <span class='ocrx_word' id='word_1_101' title='bbox 887 1090 1028 1117; x_wconf 89' lang='lat' dir='ltr'><strong>omnes</strong></span> <span class='ocrx_word' id='word_1_102' title='bbox 1060 1079 1189 1128; x_wconf 86' lang='lat' dir='ltr'><strong>ipsius</strong></span> <span class='ocrx_word' id='word_1_103' title='bbox 1216 1080 1519 1132; x_wconf 79' lang='lat' dir='ltr'><strong>inpugnatores</strong></span> <span class='ocrx_word' id='word_1_104' title='bbox 1550 1091 1709 1118; x_wconf 89' lang='lat' dir='ltr'><strong>manum</strong></span> <span class='ocrx_word' id='word_1_105' title='bbox 1735 1078 1883 1118; x_wconf 83' lang='lat' dir='ltr'><strong>defen-</strong></span> 
     </span>
     <span class='ocr_line' id='line_1_15' title="bbox 49 1145 1883 1195; baseline 0.002 -13"><span class='ocrx_word' id='word_1_106' title='bbox 49 1145 178 1183; x_wconf 88' lang='lat' dir='ltr'><strong>sionis</strong></span> <span class='ocrx_word' id='word_1_107' title='bbox 211 1156 422 1195; x_wconf 90' lang='lat' dir='ltr'><strong>opponere</strong></span> <span class='ocrx_word' id='word_1_108' title='bbox 455 1157 531 1184; x_wconf 92' lang='lat' dir='ltr'><strong>nos</strong></span> <span class='ocrx_word' id='word_1_109' title='bbox 571 1145 781 1184; x_wconf 89' lang='lat' dir='ltr'><strong>debemus.</strong></span> <span class='ocrx_word' id='word_1_110' title='bbox 842 1145 1025 1184; x_wconf 89' lang='lat' dir='ltr'><strong>Proinde</strong></span> <span class='ocrx_word' id='word_1_111' title='bbox 1063 1149 1170 1184; x_wconf 87' lang='lat' dir='ltr'><strong>tuam</strong></span> <span class='ocrx_word' id='word_1_112' title='bbox 1208 1146 1342 1185; x_wconf 89' lang='lat' dir='ltr'><strong>latere</strong></span> <span class='ocrx_word' id='word_1_113' title='bbox 1381 1158 1463 1185; x_wconf 91' lang='lat' dir='ltr'><strong>non</strong></span> <span class='ocrx_word' id='word_1_114' title='bbox 1500 1147 1686 1185; x_wconf 90' lang='lat' dir='ltr'><strong>uolumus</strong></span> <span class='ocrx_word' id='word_1_115' title='bbox 1719 1146 1883 1186; x_wconf 85' lang='lat' dir='ltr'><strong>discre-</strong></span> 
     </span>
     <span class='ocr_line' id='line_1_16' title="bbox 49 1211 1883 1264; baseline 0.002 -15"><span class='ocrx_word' id='word_1_116' title='bbox 49 1211 212 1250; x_wconf 86' lang='lat' dir='ltr'><strong>tionem.</strong></span> <span class='ocrx_word' id='word_1_117' title='bbox 260 1211 366 1262; x_wconf 90' lang='lat' dir='ltr'><strong>quod</strong></span> <span class='ocrx_word' id='word_1_118' title='bbox 414 1212 608 1251; x_wconf 79' lang='lat' dir='ltr'><strong>Albertus</strong></span> <span class='ocrx_word' id='word_1_119' title='bbox 652 1214 890 1263; x_wconf 76' lang='lat' dir='ltr'><strong>prepositus</strong></span> <span class='ocrx_word' id='word_1_120' title='bbox 936 1212 1010 1260; x_wconf 78' lang='lat' dir='ltr'><strong>(de</strong></span> <span class='ocrx_word' id='word_1_121' title='bbox 1057 1212 1370 1264; x_wconf 75' lang='lat' dir='ltr'><strong>Daubrawnjls)</strong></span> <span class='ocrx_word' id='word_1_122' title='bbox 1411 1224 1528 1264; x_wconf 89' lang='lat' dir='ltr'><strong>quem</strong></span> <span class='ocrx_word' id='word_1_123' title='bbox 1575 1214 1747 1263; x_wconf 87' lang='lat' dir='ltr'><strong>speciali</strong></span> <span class='ocrx_word' id='word_1_124' title='bbox 1794 1225 1883 1253; x_wconf 89' lang='lat' dir='ltr'><strong>cum</strong></span> 
     </span>
     <span class='ocr_line' id='line_1_17' title="bbox 50 1279 1884 1330; baseline 0.002 -14"><span class='ocrx_word' id='word_1_125' title='bbox 50 1279 232 1317; x_wconf 89' lang='grc'>00010813</span> <span class='ocrx_word' id='word_1_126' title='bbox 265 1291 342 1318; x_wconf 86' lang='grc'>8113</span> <span class='ocrx_word' id='word_1_127' title='bbox 373 1281 658 1330; x_wconf 87' lang='lat' dir='ltr'><strong>prosequimur</strong></span> <span class='ocrx_word' id='word_1_128' title='bbox 689 1279 851 1319; x_wconf 85' lang='lat' dir='ltr'><strong>affectu.</strong></span> <span class='ocrx_word' id='word_1_129' title='bbox 890 1280 1009 1318; x_wconf 89' lang='lat' dir='ltr'><strong>nobis</strong></span> <span class='ocrx_word' id='word_1_130' title='bbox 1042 1291 1120 1318; x_wconf 91' lang='lat' dir='ltr'><strong>sua</strong></span> <span class='ocrx_word' id='word_1_131' title='bbox 1150 1280 1466 1319; x_wconf 86' lang='lat' dir='ltr'><strong>lamentabiliter</strong></span> <span class='ocrx_word' id='word_1_132' title='bbox 1496 1282 1773 1320; x_wconf 84' lang='lat' dir='ltr'><strong>insinuatione</strong></span> <span class='ocrx_word' id='word_1_133' title='bbox 1806 1281 1884 1320; x_wconf 91' lang='lat' dir='ltr'><strong>de-</strong></span> 
     </span>
     <span class='ocr_line' id='line_1_18' title="bbox 50 1345 1883 1400; baseline 0.002 -16"><span class='ocrx_word' id='word_1_134' title='bbox 50 1346 226 1384; x_wconf 88' lang='lat' dir='ltr'><strong>clarauit</strong></span> <span class='ocrx_word' id='word_1_135' title='bbox 257 1358 305 1385; x_wconf 89' lang='lat' dir='ltr'><strong>se</strong></span> <span class='ocrx_word' id='word_1_136' title='bbox 339 1347 639 1398; x_wconf 86' lang='lat' dir='ltr'><strong>ecclesiamque</strong></span> <span class='ocrx_word' id='word_1_137' title='bbox 678 1359 793 1386; x_wconf 89' lang='lat' dir='ltr'><strong>suam</strong></span> <span class='ocrx_word' id='word_1_138' title='bbox 826 1359 851 1385; x_wconf 90' lang='lat' dir='ltr'><strong>a</strong></span> <span class='ocrx_word' id='word_1_139' title='bbox 881 1345 1012 1385; x_wconf 84' lang='lat' dir='ltr'><strong>fratre</strong></span> <span class='ocrx_word' id='word_1_140' title='bbox 1051 1358 1126 1386; x_wconf 92' lang='lat' dir='ltr'><strong>suo</strong></span> <span class='ocrx_word' id='word_1_141' title='bbox 1167 1359 1369 1400; x_wconf 89' lang='lat' dir='ltr'><strong>germano</strong></span> <span class='ocrx_word' id='word_1_142' title='bbox 1408 1348 1604 1387; x_wconf 91' lang='lat' dir='ltr'><strong>uidelicet</strong></span> <span class='ocrx_word' id='word_1_143' title='bbox 1641 1360 1883 1388; x_wconf 88' lang='lat' dir='ltr'><strong>emerammo</strong></span> 
     </span>
     <span class='ocr_line' id='line_1_19' title="bbox 50 1413 1883 1466; baseline 0.002 -14"><span class='ocrx_word' id='word_1_144' title='bbox 50 1418 194 1452; x_wconf 88' lang='lat' dir='ltr'><strong>contra</strong></span> <span class='ocrx_word' id='word_1_145' title='bbox 227 1414 456 1453; x_wconf 86' lang='lat' dir='ltr'><strong>libertatem</strong></span> <span class='ocrx_word' id='word_1_146' title='bbox 489 1425 564 1465; x_wconf 90' lang='lat' dir='ltr'><strong>per</strong></span> <span class='ocrx_word' id='word_1_147' title='bbox 596 1427 672 1454; x_wconf 92' lang='lat' dir='ltr'><strong>nos</strong></span> <span class='ocrx_word' id='word_1_148' title='bbox 705 1419 746 1454; x_wconf 88' lang='lat' dir='ltr'><strong>et</strong></span> <span class='ocrx_word' id='word_1_149' title='bbox 777 1413 910 1453; x_wconf 88' lang='lat' dir='ltr'><strong>felicis</strong></span> <span class='ocrx_word' id='word_1_150' title='bbox 935 1416 1126 1453; x_wconf 86' lang='lat' dir='ltr'><strong>memorie</strong></span> <span class='ocrx_word' id='word_1_151' title='bbox 1158 1413 1327 1453; x_wconf 87' lang='lat' dir='ltr'><strong>fratrem</strong></span> <span class='ocrx_word' id='word_1_152' title='bbox 1359 1420 1540 1454; x_wconf 90' lang='lat' dir='ltr'><strong>nostrum</strong></span> <span class='ocrx_word' id='word_1_153' title='bbox 1573 1416 1741 1466; x_wconf 90' lang='lat' dir='ltr'><strong>premizl</strong></span> <span class='ocrx_word' id='word_1_154' title='bbox 1773 1428 1883 1455; x_wconf 90' lang='grc'>11131-</span> 
     </span>
     <span class='ocr_line' id='line_1_20' title="bbox 50 1481 1884 1536; baseline 0.002 -17"><span class='ocrx_word' id='word_1_155' title='bbox 50 1481 238 1519; x_wconf 88' lang='lat' dir='ltr'><strong>chionem</strong></span> <span class='ocrx_word' id='word_1_156' title='bbox 270 1482 452 1520; x_wconf 89' lang='lat' dir='ltr'><strong>morauie</strong></span> <span class='ocrx_word' id='word_1_157' title='bbox 486 1482 618 1520; x_wconf 90' lang='lat' dir='ltr'><strong>eidem</strong></span> <span class='ocrx_word' id='word_1_158' title='bbox 650 1483 832 1521; x_wconf 91' lang='lat' dir='ltr'><strong>ecclesie</strong></span> <span class='ocrx_word' id='word_1_159' title='bbox 864 1493 1108 1521; x_wconf 87' lang='lat' dir='ltr'><strong>concessam</strong></span> <span class='ocrx_word' id='word_1_160' title='bbox 1139 1486 1182 1521; x_wconf 92' lang='lat' dir='ltr'><strong>ut</strong></span> <span class='ocrx_word' id='word_1_161' title='bbox 1214 1483 1254 1520; x_wconf 91' lang='lat' dir='ltr'><strong>in</strong></span> <span class='ocrx_word' id='word_1_162' title='bbox 1287 1483 1377 1521; x_wconf 91' lang='lat' dir='ltr'><strong>eius</strong></span> <span class='ocrx_word' id='word_1_163' title='bbox 1409 1481 1627 1522; x_wconf 86' lang='lat' dir='ltr'><strong>manifeste</strong></span> <span class='ocrx_word' id='word_1_164' title='bbox 1660 1484 1884 1536; x_wconf 89' lang='lat' dir='ltr'><strong>priuilegio</strong></span> 
     </span>
     <span class='ocr_line' id='line_1_21' title="bbox 52 1549 1885 1603; baseline 0.001 -16"><span class='ocrx_word' id='word_1_165' title='bbox 52 1550 296 1588; x_wconf 82' lang='lat' dir='ltr'><strong>continetur.</strong></span> <span class='ocrx_word' id='word_1_166' title='bbox 329 1549 470 1599; x_wconf 89' lang='lat' dir='ltr'><strong>spoliis</strong></span> <span class='ocrx_word' id='word_1_167' title='bbox 497 1554 538 1588; x_wconf 91' lang='lat' dir='ltr'><strong>et</strong></span> <span class='ocrx_word' id='word_1_168' title='bbox 569 1550 726 1599; x_wconf 85' lang='lat' dir='ltr'><strong>rapinis</strong></span> <span class='ocrx_word' id='word_1_169' title='bbox 754 1561 833 1601; x_wconf 90' lang='lat' dir='ltr'><strong>que</strong></span> <span class='ocrx_word' id='word_1_170' title='bbox 857 1551 898 1588; x_wconf 90' lang='grc'><strong>111</strong></span> <span class='ocrx_word' id='word_1_171' title='bbox 922 1551 1137 1603; x_wconf 79' lang='lat' dir='ltr'><strong>grangias</strong></span> <span class='ocrx_word' id='word_1_172' title='bbox 1162 1554 1204 1588; x_wconf 92' lang='lat' dir='ltr'><strong>et</strong></span> <span class='ocrx_word' id='word_1_173' title='bbox 1227 1550 1410 1588; x_wconf 85' lang='lat' dir='ltr'><strong>homines</strong></span> <span class='ocrx_word' id='word_1_174' title='bbox 1435 1561 1573 1588; x_wconf 89' lang='lat' dir='ltr'><strong>earum</strong></span> <span class='ocrx_word' id='word_1_175' title='bbox 1601 1550 1885 1590; x_wconf 87' lang='lat' dir='ltr'><strong>indesinenter</strong></span> 
     </span>
     <span class='ocr_line' id='line_1_22' title="bbox 52 1615 1885 1670; baseline 0.002 -16"><span class='ocrx_word' id='word_1_176' title='bbox 52 1620 240 1654; x_wconf 87' lang='lat' dir='ltr'><strong>exercet.</strong></span> <span class='ocrx_word' id='word_1_177' title='bbox 272 1616 324 1654; x_wconf 92' lang='lat' dir='ltr'><strong>de</strong></span> <span class='ocrx_word' id='word_1_178' title='bbox 347 1617 464 1655; x_wconf 90' lang='lat' dir='ltr'><strong>cuius</strong></span> <span class='ocrx_word' id='word_1_179' title='bbox 497 1618 742 1655; x_wconf 89' lang='lat' dir='ltr'><strong>auctoritate</strong></span> <span class='ocrx_word' id='word_1_180' title='bbox 767 1615 946 1656; x_wconf 88' lang='lat' dir='ltr'><strong>confisus</strong></span> <span class='ocrx_word' id='word_1_181' title='bbox 978 1617 1056 1656; x_wconf 92' lang='grc'>1100</span> <span class='ocrx_word' id='word_1_182' title='bbox 1088 1615 1213 1655; x_wconf 86' lang='lat' dir='ltr'><strong>faciat</strong></span> <span class='ocrx_word' id='word_1_183' title='bbox 1245 1618 1501 1670; x_wconf 88' lang='lat' dir='ltr'><strong>ignoramus.</strong></span> <span class='ocrx_word' id='word_1_184' title='bbox 1527 1619 1680 1656; x_wconf 86' lang='lat' dir='ltr'><strong>asserit</strong></span> <span class='ocrx_word' id='word_1_185' title='bbox 1703 1618 1885 1657; x_wconf 91' lang='lat' dir='ltr'><strong>indebite</strong></span> 
     </span>
     <span class='ocr_line' id='line_1_23' title="bbox 51 1683 1886 1738; baseline 0.002 -17"><span class='ocrx_word' id='word_1_186' title='bbox 51 1683 272 1722; x_wconf 89' lang='lat' dir='ltr'><strong>molestari.</strong></span> <span class='ocrx_word' id='word_1_187' title='bbox 326 1683 453 1722; x_wconf 71' lang='lat' dir='ltr'><strong>Vnde</strong></span> <span class='ocrx_word' id='word_1_188' title='bbox 485 1684 556 1722; x_wconf 88' lang='lat' dir='ltr'><strong>tibi</strong></span> <span class='ocrx_word' id='word_1_189' title='bbox 589 1685 665 1723; x_wconf 91' lang='lat' dir='ltr'><strong>sub</strong></span> <span class='ocrx_word' id='word_1_190' title='bbox 700 1685 867 1723; x_wconf 89' lang='lat' dir='ltr'><strong>obtentu</strong></span> <span class='ocrx_word' id='word_1_191' title='bbox 900 1686 1051 1738; x_wconf 85' lang='lat' dir='ltr'><strong>gracie</strong></span> <span class='ocrx_word' id='word_1_192' title='bbox 1084 1688 1227 1723; x_wconf 87' lang='lat' dir='ltr'><strong>nostre</strong></span> <span class='ocrx_word' id='word_1_193' title='bbox 1261 1685 1528 1734; x_wconf 90' lang='lat' dir='ltr'><strong>precipiendo</strong></span> <span class='ocrx_word' id='word_1_194' title='bbox 1560 1685 1810 1724; x_wconf 85' lang='lat' dir='ltr'><strong>mandamus.</strong></span> <span class='ocrx_word' id='word_1_195' title='bbox 1842 1690 1886 1725; x_wconf 89' lang='lat' dir='ltr'><strong>ut</strong></span> 
     </span>
     <span class='ocr_line' id='line_1_24' title="bbox 51 1751 1885 1802; baseline 0.002 -14"><span class='ocrx_word' id='word_1_196' title='bbox 51 1751 199 1789; x_wconf 90' lang='lat' dir='ltr'><strong>nullius</strong></span> <span class='ocrx_word' id='word_1_197' title='bbox 232 1751 432 1789; x_wconf 88' lang='lat' dir='ltr'><strong>hominum</strong></span> <span class='ocrx_word' id='word_1_198' title='bbox 464 1757 571 1790; x_wconf 88' lang='lat' dir='ltr'><strong>metu</strong></span> <span class='ocrx_word' id='word_1_199' title='bbox 602 1753 770 1791; x_wconf 88' lang='lat' dir='ltr'><strong>territus</strong></span> <span class='ocrx_word' id='word_1_200' title='bbox 804 1753 882 1790; x_wconf 90' lang='lat' dir='ltr'><strong>iam</strong></span> <span class='ocrx_word' id='word_1_201' title='bbox 908 1752 1055 1791; x_wconf 89' lang='lat' dir='ltr'><strong>dictum</strong></span> <span class='ocrx_word' id='word_1_202' title='bbox 1088 1752 1336 1802; x_wconf 86' lang='lat' dir='ltr'><strong>prepositum</strong></span> <span class='ocrx_word' id='word_1_203' title='bbox 1368 1756 1409 1791; x_wconf 91' lang='lat' dir='ltr'><strong>et</strong></span> <span class='ocrx_word' id='word_1_204' title='bbox 1441 1753 1531 1791; x_wconf 86' lang='lat' dir='ltr'><strong>eius</strong></span> <span class='ocrx_word' id='word_1_205' title='bbox 1564 1753 1799 1791; x_wconf 85' lang='lat' dir='ltr'><strong>ecclesiam.</strong></span> <span class='ocrx_word' id='word_1_206' title='bbox 1833 1753 1885 1792; x_wconf 86' lang='lat' dir='ltr'><strong>de</strong></span> 
     </span>
     <span class='ocr_line' id='line_1_25' title="bbox 51 1817 1884 1870; baseline 0.001 -14"><span class='ocrx_word' id='word_1_207' title='bbox 51 1823 193 1857; x_wconf 85' lang='lat' dir='ltr'><strong>nostra</strong></span> <span class='ocrx_word' id='word_1_208' title='bbox 226 1817 405 1857; x_wconf 88' lang='lat' dir='ltr'><strong>confisus</strong></span> <span class='ocrx_word' id='word_1_209' title='bbox 438 1821 683 1858; x_wconf 88' lang='lat' dir='ltr'><strong>auctoritate</strong></span> <span class='ocrx_word' id='word_1_210' title='bbox 717 1831 835 1870; x_wconf 88' lang='lat' dir='ltr'><strong>quam</strong></span> <span class='ocrx_word' id='word_1_211' title='bbox 865 1820 938 1859; x_wconf 88' lang='lat' dir='ltr'><strong>tibi</strong></span> <span class='ocrx_word' id='word_1_212' title='bbox 970 1821 1099 1858; x_wconf 90' lang='lat' dir='ltr'><strong>nostri</strong></span> <span class='ocrx_word' id='word_1_213' title='bbox 1130 1820 1272 1870; x_wconf 86' lang='lat' dir='ltr'><strong>scripti</strong></span> <span class='ocrx_word' id='word_1_214' title='bbox 1303 1821 1517 1859; x_wconf 89' lang='lat' dir='ltr'><strong>munimine</strong></span> <span class='ocrx_word' id='word_1_215' title='bbox 1551 1818 1799 1858; x_wconf 88' lang='lat' dir='ltr'><strong>conserimus</strong></span> <span class='ocrx_word' id='word_1_216' title='bbox 1832 1820 1884 1859; x_wconf 88' lang='lat' dir='ltr'><strong>ab</strong></span> 
     </span>
     <span class='ocr_line' id='line_1_26' title="bbox 52 1885 1886 1938; baseline 0.002 -14"><span class='ocrx_word' id='word_1_217' title='bbox 52 1886 171 1936; x_wconf 89' lang='lat' dir='ltr'><strong>impia</strong></span> <span class='ocrx_word' id='word_1_218' title='bbox 195 1886 413 1936; x_wconf 69' lang='lat' dir='ltr'><strong>tyrannide</strong></span> <span class='ocrx_word' id='word_1_219' title='bbox 438 1888 515 1925; x_wconf 89' lang='lat' dir='ltr'><strong>iam</strong></span> <span class='ocrx_word' id='word_1_220' title='bbox 539 1887 634 1925; x_wconf 88' lang='lat' dir='ltr'><strong>dicti</strong></span> <span class='ocrx_word' id='word_1_221' title='bbox 659 1888 888 1926; x_wconf 86' lang='lat' dir='ltr'><strong>emerammi</strong></span> <span class='ocrx_word' id='word_1_222' title='bbox 914 1888 981 1926; x_wconf 90' lang='lat' dir='ltr'><strong>uel</strong></span> <span class='ocrx_word' id='word_1_223' title='bbox 1006 1888 1176 1926; x_wconf 90' lang='lat' dir='ltr'><strong>aliorum</strong></span> <span class='ocrx_word' id='word_1_224' title='bbox 1199 1888 1305 1938; x_wconf 89' lang='lat' dir='ltr'><strong>siqui</strong></span> <span class='ocrx_word' id='word_1_225' title='bbox 1326 1892 1420 1926; x_wconf 88' lang='lat' dir='ltr'><strong>sunt</strong></span> <span class='ocrx_word' id='word_1_226' title='bbox 1444 1888 1510 1926; x_wconf 90' lang='lat' dir='ltr'><strong>uel</strong></span> <span class='ocrx_word' id='word_1_227' title='bbox 1536 1885 1687 1926; x_wconf 87' lang='lat' dir='ltr'><strong>fuerint</strong></span> <span class='ocrx_word' id='word_1_228' title='bbox 1713 1888 1886 1928; x_wconf 85' lang='lat' dir='ltr'><strong>studeas</strong></span> 
     </span>
     <span class='ocr_line' id='line_1_27' title="bbox 52 1952 1886 2005; baseline 0.002 -14"><span class='ocrx_word' id='word_1_229' title='bbox 52 1952 290 1992; x_wconf 86' lang='lat' dir='ltr'><strong>defensare.</strong></span> <span class='ocrx_word' id='word_1_230' title='bbox 326 1954 501 1992; x_wconf 85' lang='lat' dir='ltr'><strong>bannum</strong></span> <span class='ocrx_word' id='word_1_231' title='bbox 538 1955 592 1993; x_wconf 90' lang='lat' dir='ltr'><strong>X.</strong></span> <span class='ocrx_word' id='word_1_232' title='bbox 624 1966 851 1994; x_wconf 86' lang='lat' dir='ltr'><strong>marcarum</strong></span> <span class='ocrx_word' id='word_1_233' title='bbox 890 1957 981 1994; x_wconf 89' lang='lat' dir='ltr'><strong>auri</strong></span> <span class='ocrx_word' id='word_1_234' title='bbox 1012 1957 1052 1994; x_wconf 91' lang='lat' dir='ltr'><strong>in</strong></span> <span class='ocrx_word' id='word_1_235' title='bbox 1092 1966 1296 1994; x_wconf 88' lang='lat' dir='ltr'><strong>cameram</strong></span> <span class='ocrx_word' id='word_1_236' title='bbox 1334 1961 1515 1994; x_wconf 84' lang='lat' dir='ltr'><strong>nostram</strong></span> <span class='ocrx_word' id='word_1_237' title='bbox 1549 1955 1886 2005; x_wconf 89' lang='lat' dir='ltr'><strong>deponendarum</strong></span> 
     </span>
     <span class='ocr_line' id='line_1_28' title="bbox 52 2021 1887 2076; baseline 0.001 -17"><span class='ocrx_word' id='word_1_238' title='bbox 52 2022 160 2060; x_wconf 84' lang='lat' dir='ltr'><strong>sicut</strong></span> <span class='ocrx_word' id='word_1_239' title='bbox 208 2032 347 2059; x_wconf 89' lang='lat' dir='ltr'><strong>eorum</strong></span> <span class='ocrx_word' id='word_1_240' title='bbox 390 2022 570 2060; x_wconf 86' lang='lat' dir='ltr'><strong>continet</strong></span> <span class='ocrx_word' id='word_1_241' title='bbox 614 2023 876 2076; x_wconf 87' lang='lat' dir='ltr'><strong>priuilegium</strong></span> <span class='ocrx_word' id='word_1_242' title='bbox 918 2021 1082 2061; x_wconf 88' lang='lat' dir='ltr'><strong>firmiter</strong></span> <span class='ocrx_word' id='word_1_243' title='bbox 1127 2023 1403 2062; x_wconf 87' lang='lat' dir='ltr'><strong>obseruando.</strong></span> <span class='ocrx_word' id='word_1_244' title='bbox 1443 2023 1550 2073; x_wconf 90' lang='lat' dir='ltr'><strong>quod</strong></span> <span class='ocrx_word' id='word_1_245' title='bbox 1591 2024 1627 2062; x_wconf 89' lang='grc'><strong>81</strong></span> <span class='ocrx_word' id='word_1_246' title='bbox 1674 2024 1716 2061; x_wconf 91' lang='grc'><strong>111</strong></span> <span class='ocrx_word' id='word_1_247' title='bbox 1757 2024 1887 2061; x_wconf 86' lang='lat' dir='ltr'><strong>nostri</strong></span> 
     </span>
     <span class='ocr_line' id='line_1_29' title="bbox 52 2088 1886 2143; baseline 0.001 -15"><span class='ocrx_word' id='word_1_248' title='bbox 52 2088 231 2128; x_wconf 87' lang='lat' dir='ltr'><strong>mandati</strong></span> <span class='ocrx_word' id='word_1_249' title='bbox 264 2090 537 2128; x_wconf 84' lang='lat' dir='ltr'><strong>exsecutione</strong></span> <span class='ocrx_word' id='word_1_250' title='bbox 562 2090 796 2143; x_wconf 89' lang='lat' dir='ltr'><strong>negligens</strong></span> <span class='ocrx_word' id='word_1_251' title='bbox 830 2091 1055 2129; x_wconf 83' lang='lat' dir='ltr'><strong>exstiteris.</strong></span> <span class='ocrx_word' id='word_1_252' title='bbox 1082 2091 1212 2141; x_wconf 90' lang='lat' dir='ltr'><strong>ipsum</strong></span> <span class='ocrx_word' id='word_1_253' title='bbox 1242 2091 1419 2129; x_wconf 87' lang='lat' dir='ltr'><strong>bannum</strong></span> <span class='ocrx_word' id='word_1_254' title='bbox 1443 2091 1562 2129; x_wconf 88' lang='lat' dir='ltr'><strong>nobis</strong></span> <span class='ocrx_word' id='word_1_255' title='bbox 1596 2103 1618 2129; x_wconf 89' lang='lat' dir='ltr'><strong>a</strong></span> <span class='ocrx_word' id='word_1_256' title='bbox 1643 2094 1684 2129; x_wconf 91' lang='grc'><strong>10</strong></span> <span class='ocrx_word' id='word_1_257' title='bbox 1717 2091 1886 2130; x_wconf 87' lang='lat' dir='ltr'><strong>noueris</strong></span> 
     </span>
     <span class='ocr_line' id='line_1_30' title="bbox 52 2156 1887 2212; baseline 0.001 -18"><span class='ocrx_word' id='word_1_258' title='bbox 52 2156 384 2207; x_wconf 87' lang='lat' dir='ltr'><strong>persoluendum.</strong></span> <span class='ocrx_word' id='word_1_259' title='bbox 445 2157 623 2206; x_wconf 90' lang='lat' dir='ltr'><strong>Insuper</strong></span> <span class='ocrx_word' id='word_1_260' title='bbox 653 2157 836 2196; x_wconf 91' lang='lat' dir='ltr'><strong>uolumus</strong></span> <span class='ocrx_word' id='word_1_261' title='bbox 874 2161 918 2197; x_wconf 90' lang='lat' dir='ltr'><strong>ut</strong></span> <span class='ocrx_word' id='word_1_262' title='bbox 954 2162 1127 2197; x_wconf 88' lang='lat' dir='ltr'><strong>montem</strong></span> <span class='ocrx_word' id='word_1_263' title='bbox 1165 2160 1334 2212; x_wconf 88' lang='lat' dir='ltr'><strong>argenti</strong></span> <span class='ocrx_word' id='word_1_264' title='bbox 1368 2159 1434 2209; x_wconf 91' lang='lat' dir='ltr'><strong>qui</strong></span> <span class='ocrx_word' id='word_1_265' title='bbox 1473 2160 1514 2197; x_wconf 91' lang='lat' dir='ltr'><strong>in</strong></span> <span class='ocrx_word' id='word_1_266' title='bbox 1545 2159 1753 2197; x_wconf 88' lang='lat' dir='ltr'><strong>territorio</strong></span> <span class='ocrx_word' id='word_1_267' title='bbox 1788 2169 1887 2208; x_wconf 90' lang='lat' dir='ltr'><strong>pre-</strong></span> 
     </span>
     <span class='ocr_line' id='line_1_31' title="bbox 53 2224 1888 2277; baseline 0.002 -15"><span class='ocrx_word' id='word_1_268' title='bbox 53 2224 174 2275; x_wconf 83' lang='lat' dir='ltr'><strong>positi</strong></span> <span class='ocrx_word' id='word_1_269' title='bbox 207 2229 249 2263; x_wconf 87' lang='grc'><strong>01</strong></span> <span class='ocrx_word' id='word_1_270' title='bbox 279 2224 449 2263; x_wconf 90' lang='lat' dir='ltr'><strong>claustri</strong></span> <span class='ocrx_word' id='word_1_271' title='bbox 487 2225 565 2262; x_wconf 89' lang='lat' dir='ltr'><strong>iam</strong></span> <span class='ocrx_word' id='word_1_272' title='bbox 597 2226 866 2274; x_wconf 86' lang='lat' dir='ltr'><strong>prenominati</strong></span> <span class='ocrx_word' id='word_1_273' title='bbox 905 2226 1096 2265; x_wconf 90' lang='lat' dir='ltr'><strong>inuentus</strong></span> <span class='ocrx_word' id='word_1_274' title='bbox 1129 2237 1228 2265; x_wconf 90' lang='lat' dir='ltr'><strong>esse</strong></span> <span class='ocrx_word' id='word_1_275' title='bbox 1270 2227 1429 2265; x_wconf 87' lang='lat' dir='ltr'><strong>dicitur.</strong></span> <span class='ocrx_word' id='word_1_276' title='bbox 1462 2237 1582 2277; x_wconf 87' lang='lat' dir='ltr'><strong>quem</strong></span> <span class='ocrx_word' id='word_1_277' title='bbox 1620 2237 1888 2266; x_wconf 88' lang='lat' dir='ltr'><strong>emmeramus</strong></span> 
     </span>
     <span class='ocr_line' id='line_1_32' title="bbox 54 2290 1889 2347; baseline 0.002 -17"><span class='ocrx_word' id='word_1_278' title='bbox 54 2302 144 2330; x_wconf 90' lang='lat' dir='ltr'><strong>cum</strong></span> <span class='ocrx_word' id='word_1_279' title='bbox 175 2302 325 2330; x_wconf 89' lang='lat' dir='ltr'><strong>socero</strong></span> <span class='ocrx_word' id='word_1_280' title='bbox 357 2303 433 2330; x_wconf 90' lang='lat' dir='ltr'><strong>suo</strong></span> <span class='ocrx_word' id='word_1_281' title='bbox 458 2290 613 2332; x_wconf 85' lang='lat' dir='ltr'><strong>Sifrido</strong></span> <span class='ocrx_word' id='word_1_282' title='bbox 637 2296 781 2332; x_wconf 89' lang='lat' dir='ltr'><strong>contra</strong></span> <span class='ocrx_word' id='word_1_283' title='bbox 807 2293 897 2332; x_wconf 87' lang='lat' dir='ltr'><strong>iura</strong></span> <span class='ocrx_word' id='word_1_284' title='bbox 928 2294 1096 2347; x_wconf 87' lang='lat' dir='ltr'><strong>regalia</strong></span> <span class='ocrx_word' id='word_1_285' title='bbox 1121 2294 1313 2333; x_wconf 90' lang='lat' dir='ltr'><strong>uidentur</strong></span> <span class='ocrx_word' id='word_1_286' title='bbox 1346 2298 1614 2344; x_wconf 85' lang='lat' dir='ltr'><strong>occupantes.</strong></span> <span class='ocrx_word' id='word_1_287' title='bbox 1647 2294 1889 2345; x_wconf 88' lang='lat' dir='ltr'><strong>quibusdam</strong></span> 
     </span>
     <span class='ocr_line' id='line_1_33' title="bbox 53 2359 1888 2413; baseline 0.002 -15"><span class='ocrx_word' id='word_1_288' title='bbox 53 2359 214 2398; x_wconf 92' lang='lat' dir='ltr'><strong>ciuibus</strong></span> <span class='ocrx_word' id='word_1_289' title='bbox 247 2359 298 2398; x_wconf 90' lang='lat' dir='ltr'><strong>de</strong></span> <span class='ocrx_word' id='word_1_290' title='bbox 337 2359 496 2399; x_wconf 90' lang='lat' dir='ltr'><strong>brenna</strong></span> <span class='ocrx_word' id='word_1_291' title='bbox 527 2359 803 2401; x_wconf 89' lang='lat' dir='ltr'><strong>uendiderunt</strong></span> <span class='ocrx_word' id='word_1_292' title='bbox 842 2361 894 2400; x_wconf 90' lang='lat' dir='ltr'><strong>de</strong></span> <span class='ocrx_word' id='word_1_293' title='bbox 926 2372 1066 2400; x_wconf 92' lang='lat' dir='ltr'><strong>eorum</strong></span> <span class='ocrx_word' id='word_1_294' title='bbox 1104 2365 1310 2413; x_wconf 88' lang='lat' dir='ltr'><strong>potestate</strong></span> <span class='ocrx_word' id='word_1_295' title='bbox 1343 2363 1409 2413; x_wconf 92' lang='lat' dir='ltr'><strong>qui</strong></span> <span class='ocrx_word' id='word_1_296' title='bbox 1449 2366 1635 2401; x_wconf 90' lang='lat' dir='ltr'><strong>emerunt</strong></span> <span class='ocrx_word' id='word_1_297' title='bbox 1666 2366 1708 2401; x_wconf 91' lang='lat' dir='ltr'><strong>et</strong></span> <span class='ocrx_word' id='word_1_298' title='bbox 1737 2362 1888 2401; x_wconf 88' lang='lat' dir='ltr'><strong>uendi-</strong></span> 
     </span>
     <span class='ocr_line' id='line_1_34' title="bbox 55 2427 1889 2479; baseline 0.002 -13"><span class='ocrx_word' id='word_1_299' title='bbox 55 2427 204 2466; x_wconf 87' lang='lat' dir='ltr'><strong>derunt</strong></span> <span class='ocrx_word' id='word_1_300' title='bbox 240 2428 401 2467; x_wconf 90' lang='lat' dir='ltr'><strong>nomine</strong></span> <span class='ocrx_word' id='word_1_301' title='bbox 440 2431 582 2467; x_wconf 89' lang='lat' dir='ltr'><strong>nostro</strong></span> <span class='ocrx_word' id='word_1_302' title='bbox 623 2429 827 2467; x_wconf 89' lang='lat' dir='ltr'><strong>uiolenter</strong></span> <span class='ocrx_word' id='word_1_303' title='bbox 866 2429 1020 2479; x_wconf 88' lang='lat' dir='ltr'><strong>eripias</strong></span> <span class='ocrx_word' id='word_1_304' title='bbox 1067 2433 1110 2469; x_wconf 92' lang='lat' dir='ltr'><strong>et</strong></span> <span class='ocrx_word' id='word_1_305' title='bbox 1147 2428 1361 2469; x_wconf 85' lang='lat' dir='ltr'><strong>defendas.</strong></span> <span class='ocrx_word' id='word_1_306' title='bbox 1402 2433 1444 2470; x_wconf 87' lang='lat' dir='ltr'><strong>et</strong></span> <span class='ocrx_word' id='word_1_307' title='bbox 1482 2441 1637 2469; x_wconf 90' lang='lat' dir='ltr'><strong>omnem</strong></span> <span class='ocrx_word' id='word_1_308' title='bbox 1676 2430 1889 2469; x_wconf 85' lang='lat' dir='ltr'><strong>vtilitatem</strong></span> 
     </span>
     <span class='ocr_line' id='line_1_35' title="bbox 56 2494 1888 2547; baseline 0.002 -13"><span class='ocrx_word' id='word_1_309' title='bbox 56 2498 97 2534; x_wconf 89' lang='lat' dir='ltr'><strong>et</strong></span> <span class='ocrx_word' id='word_1_310' title='bbox 137 2496 201 2534; x_wconf 90' lang='lat' dir='ltr'><strong>ius</strong></span> <span class='ocrx_word' id='word_1_311' title='bbox 242 2494 349 2546; x_wconf 86' lang='lat' dir='ltr'><strong>quod</strong></span> <span class='ocrx_word' id='word_1_312' title='bbox 387 2495 440 2535; x_wconf 88' lang='lat' dir='ltr'><strong>ad</strong></span> <span class='ocrx_word' id='word_1_313' title='bbox 478 2507 556 2536; x_wconf 91' lang='lat' dir='ltr'><strong>nos</strong></span> <span class='ocrx_word' id='word_1_314' title='bbox 595 2497 807 2547; x_wconf 89' lang='lat' dir='ltr'><strong>pertinere</strong></span> <span class='ocrx_word' id='word_1_315' title='bbox 845 2499 1031 2537; x_wconf 87' lang='lat' dir='ltr'><strong>noscitur</strong></span> <span class='ocrx_word' id='word_1_316' title='bbox 1070 2497 1247 2538; x_wconf 86' lang='lat' dir='ltr'><strong>dimittas</strong></span> <span class='ocrx_word' id='word_1_317' title='bbox 1289 2499 1365 2538; x_wconf 90' lang='lat' dir='ltr'><strong>iam</strong></span> <span class='ocrx_word' id='word_1_318' title='bbox 1404 2498 1552 2538; x_wconf 86' lang='lat' dir='ltr'><strong>dictum</strong></span> <span class='ocrx_word' id='word_1_319' title='bbox 1599 2499 1888 2538; x_wconf 86' lang='lat' dir='ltr'><strong>monasterium</strong></span> 
     </span>
    </p>
   </div>
   <div class='ocr_carea' id='block_1_6' title="bbox 1602 2563 1684 2605">
    <p class='ocr_par' dir='ltr' id='par_1_6' title="bbox 1602 2563 1684 2605">
     <span class='ocr_line' id='line_1_36' title="bbox 1602 2563 1684 2605; baseline 0 -11"><span class='ocrx_word' id='word_1_320' title='bbox 1602 2563 1684 2605; x_wconf 52' lang='lat' dir='ltr'><strong>5ss</strong></span> 
     </span>
    </p>
   </div>
  </div>
 </body>
</html>
