2155 2928
889 144 1194 205 AQ—

878 282 954 324 CO
959 284 1147 324 LXXVI
1152 284 1204 323 11.

121 377 290 425 Bnmo,
339 375 560 426 episcopus
601 376 913 426 Olomucensis,
960 377 1211 416 monasterio
1259 376 1551 416 Oseowanensz·
1592 378 1672 429 jus
1715 382 1962 430 patronatus

182 442 385 482 ecclesiae
423 442 467 481 in
505 442 707 482 sslohelno
746 445 973 496 confirmat.
1036 446 1108 484 Dt.
1148 445 1191 483 in
1221 445 1428 495 Modiin-e,
1467 444 1554 496 ΙΙΙ.
1586 446 1733 485 Nonas
1765 447 1902 498 «Ιαηίἱ,

969 513 1119 552 1259.

258 601 423 661 Bruno
457 619 523 658 dei
568 622 711 674 gratia
745 621 1029 661 olomucensis
1061 623 1296 672 Episcopus
1336 622 1498 661 dilectis
1537 622 1576 661 iu
1610 621 1780 663 Christo
1813 623 1964 662 Abba-

121 688 223 728 tisse
262 692 304 726 et
345 688 565 726 conuentui
607 689 646 726 in
688 688 892 728 Ozlawan
933 689 1100 728 Ordinis
1141 688 1439 729 Cisterciensis
1483 690 1654 729 salutem
1703 692 1742 730 in
1790 691 1964 730 domino.

124 756 223 797 Cum
269 767 293 794 a
332 755 452 805 nobis
493 756 643 805 petitur
691 757 798 806 quod
838 758 984 795 iustum
1030 762 1094 795 est
1140 763 1179 795 et
1222 757 1435 796 honestum
1476 761 1554 796 tam
1601 759 1730 812 vigor
1771 760 1964 809 equitatis

125 835 240 876 quam
274 823 374 862 ordo
408 824 545 876 exigit
577 824 751 862 rationis
783 828 827 863 vt
860 824 898 862 id
933 835 1006 874 per
1038 823 1155 862 officii
1190 826 1320 863 nostri
1353 825 1663 864 sollicitudinem
1697 826 1748 865 ad
1779 825 1966 864 effectum

130 891 304 932 debitum
337 891 602 941 perducatur.
659 890 761 931 Cum
793 893 937 945 igitur,
971 893 1078 930 sicut
1109 896 1252 930 vestra
1286 893 1404 930 nobis
1437 893 1622 931 exhibita
1657 895 1796 942 petitio
1830 894 1966 932 conti-

122 960 260 1012 nebat,
291 957 538 1012 magnificus
570 960 767 1009 princeps
801 959 985 998 dominus
1013 960 1188 998 Premilz
1212 960 1404 999 Marchio
1436 961 1630 999 Morauie
1663 961 1832 999 illustris
1860 962 1964 1011 pium

121 1026 383 1066 liberalitatis
416 1030 458 1065 et
489 1026 720 1066 deuotionis
753 1027 885 1065 zelum
919 1038 1028 1080 erga
1062 1039 1139 1065 uos
1172 1032 1212 1066 et
1253 1029 1538 1066 monasterium
1578 1033 1761 1066 vestrum
1803 1039 1966 1081 gerens

127 1094 191 1134 ius
222 1097 463 1145 patronatus
497 1095 604 1146 quod
637 1094 838 1134 habuisse
871 1095 1099 1134 dinoscitur
1130 1096 1170 1133 in
1204 1096 1387 1134 ecclesia
1421 1096 1472 1134 de
1500 1095 1666 1134 ΔῙΙΟΙιὶΙη
1699 1101 1839 1134 nostre
1875 1097 1967 1134 dio-

126 1163 236 1201 cesis
267 1163 308 1201 in
340 1174 418 1202 vos
459 1162 626 1201 duxerit
657 1161 990 1202 transferendum
1031 1164 1139 1201 sicut
1181 1163 1219 1201 in
1260 1163 1406 1201 litteris
1445 1163 1532 1201 suis
1571 1162 1772 1202 consectis
1812 1163 1967 1202 exinde

126 1231 285 1282 plenius
317 1231 553 1269 continetur
591 1243 668 1269 nos
700 1236 846 1271 vestre
888 1231 1117 1270 deuotionis
1158 1231 1524 1280 supplicationibus
1566 1231 1746 1269 inclinati
1789 1231 1967 1281 dictique

127 1299 322 1350 principis
354 1296 504 1337 factum
538 1299 642 1349 pium
676 1302 717 1338 et
751 1299 961 1349 prouidum
996 1299 1328 1337 commandantes
1362 1300 1399 1336 in
1434 1299 1591 1337 domino
1620 1299 1738 1337 vobis
1772 1299 1834 1336 ius
1867 1309 1968 1349 pre—

127 1366 316 1405 sentandi
351 1366 404 1405 ad
437 1367 584 1405 dictam
618 1367 838 1406 ecclesiam
872 1367 924 1406 de
956 1367 1115 1406 Mohiln
1149 1372 1289 1404 nostro
1323 1370 1364 1404 et
1402 1377 1694 1404 successorum
1736 1370 1968 1404 nostrorum

126 1437 166 1473 et
190 1434 485 1473 Archidiaconi
519 1435 596 1473 loci
631 1436 698 1485 qui
732 1447 804 1485 pro
830 1439 1013 1484 tempore
1046 1433 1169 1473 suerit
1194 1445 1267 1484 per
1295 1435 1425 1472 omnia
1459 1435 1547 1472 iure
1577 1434 1692 1472 saluo
1721 1435 1966 1472 auctoritate

126 1501 331 1540 ordinaria
372 1501 657 1541 confirmamus
696 1504 938 1542 mandantes
981 1503 1058 1541 sub
1099 1503 1427 1540 interminatione
1468 1502 1741 1540 anathematis
1782 1512 1835 1540 ne
1875 1502 1968 1552 quis

124 1569 230 1608 hanc
262 1574 442 1609 nostram
476 1569 820 1610 confirmationem
855 1574 1064 1621 presumat
1096 1568 1331 1622 infringere
1371 1569 1437 1608 uel
1480 1569 1560 1607 sibi
1602 1581 1707 1608 ausu
1746 1569 1965 1608 temerario

125 1638 345 1677 contraire.
387 1638 536 1677 Datum
569 1639 610 1677 in
641 1639 834 1678 Moderiz
866 1639 940 1678 111.
966 1639 1110 1677 Nonas
1134 1639 1238 1677 lunii
1271 1649 1379 1677 anno
1414 1637 1561 1676 domiui
1584 1637 1645 1677 Μ.
1673 1635 1762 1678 CC.
1788 1637 1968 1676 LVIIII.

428 1735 482 1767 Ex
506 1736 697 1778 originali
722 1746 793 1768 cum
820 1736 927 1777 sigillo
950 1737 1064 1768 illaeso
1088 1734 1266 1778 ejusdem
1289 1735 1484 1767 monasterii.

906 1899 942 1942 C
949 1900 1192 1942 CLXXIX.

135 1999 389 2040 Wichardus
421 2001 472 2041 de
500 2003 643 2054 Tyrmz
668 2003 832 2055 confert
849 2003 928 2054 Jus
948 2005 1194 2054 patronatus
1227 2002 1428 2040 ecclesiae
1453 2001 1496 2039 ἱη
1526 1999 1729 2051 Βοόᾧαηῃ
1752 1999 1971 2039 sororibus

158 2071 324 2108 sanctae
361 2071 530 2109 ,Mariae
561 2070 857 2122 Maydalenae.
920 2071 992 2109 Dc.
1032 2070 1075 2108 in
1115 2070 1324 2120 lVranow,
1365 2068 1444 2107 ΧΙ.
1484 2068 1707 2108 Kalendas
1745 2068 1939 2118 Auyusle'9

978 2137 1128 2176 1259.

293 2228 353 2287 In
386 2249 548 2287 nomine
582 2249 728 2287 domini
762 2259 896 2287 amen.
940 2245 1042 2287 Cum
1068 2257 1132 2298 ea,
1166 2257 1246 2296 que
1273 2250 1458 2299 aguntur
1490 2246 1529 2283 in
1562 2248 1760 2298 tempore7
1793 2245 1971 2283 libenter

129 2314 246 2352 etiam
277 2319 462 2365 tempore
494 2328 518 2354 a
543 2317 736 2354 memoria
764 2316 964 2354 hominum
998 2314 1244 2365 dilabuntur7
1273 2317 1400 2366 gesta
1425 2312 1703 2351 memorabilia
1726 2325 1750 2351 a
1772 2312 1970 2351 studiosis

131 2383 177 2418 et
215 2379 402 2422 fidelibus
442 2384 609 2434 scriptis
651 2387 693 2422 et
733 2383 908 2421 testibus
950 2382 1220 2434 roborantur7
1253 2385 1295 2420 ut
1326 2381 1378 2419 ad
1412 2381 1715 2434 generationes
1754 2382 1972 2419 transeant

129 2449 378 2489 seculorum.
439 2451 529 2490 Nos
572 2450 836 2490 wichardus
877 2450 929 2488 de
962 2449 1104 2499 'l'yrna
1149 2453 1189 2487 et
1229 2478 1238 2487 .
1279 2478 1288 2487 .
1335 2478 1345 2487 .
1383 2460 1491 2486 uxor
1535 2459 1626 2486 mea
1674 2455 1716 2486 et
1761 2447 1970 2486 Iohannes

135 2526 273 2569 gener
304 2529 419 2557 meus
451 2518 586 2558 dictus
619 2519 671 2558 de
699 2518 873 2557 Dobran
905 2518 1016 2556 scire
1048 2517 1232 2556 volumus
1254 2518 1474 2555 uniuersos
1498 2519 1720 2567 presentes
1745 2519 1786 2554 et
1812 2513 1971 2554 futuros
