2155 2928
1089 131 1193 171 302

1031 270 1246 312 CCCXII.

220 377 338 417 Idem
369 378 412 417 in
444 377 694 416 monasterio
727 372 1043 413 IVeIebraclensi
1074 371 1262 421 indulqet
1285 371 1542 422 sepulturam
1570 371 1868 423 fundatoribus
1901 375 1939 412 et
1961 373 2058 413 aliis

484 442 783 483 saecularibus,
819 442 888 479 ΙΙΙ.
920 440 1140 489 Laterani,
1176 438 1320 477 Idibus
1353 438 1595 490 Februarii,
1635 440 1788 479 1261.

363 535 631 595 Alexander
663 551 884 600 episcopus
917 560 1067 587 seruus
1101 559 1315 587 seruorum
1356 548 1436 587 dei.
1497 549 1675 588 Dilectis
1708 548 1799 589 filiis
1831 579 1842 589 .
1874 579 1885 589 .
1918 550 2059 591 abbati

219 624 260 660 et
300 622 518 660 conuentui
568 618 803 657 monasterii
847 616 898 654 de
946 615 1172 666 Weleqrad
1216 614 1515 656 cisterciensis
1556 618 1727 670 ordinis,
1772 617 2058 658 olomucensis

219 689 399 727 diocesis
432 688 602 725 salutem
635 689 675 724 et
707 684 972 734 apostolicam
1006 683 1358 723 benediccionem.
1421 684 1540 725 Solet
1572 696 1760 724 annuere
1793 686 1919 724 sedes
1952 695 2059 736 apo-

218 757 362 794 stolica
398 756 473 805 piis
514 754 620 792 votis
654 756 694 790 et
733 751 920 790 honestis
954 752 1186 801 petencium
1229 751 1449 790 desideriis
1482 751 1666 791 fauorem
1705 753 1950 792 beneuolum
1983 754 2060 793 im-

217 824 371 873 pertiri.
420 823 653 871 Eapropter
685 819 821 857 dilecti
847 819 886 857 in
920 819 1079 857 domino
1110 818 1174 857 filii
1207 821 1362 859 uestris
1395 821 1513 859 iustis
1546 822 1898 871 postulacionibus
1931 826 2058 876 grato

216 893 512 929 concurrentes
546 898 736 938 assensu,
776 888 1022 925 auctoritate
1055 887 1176 926 vobis
1211 889 1470 938 presencium
1509 889 1789 942 indulgemus,
1821 893 1864 928 ut
1895 890 1931 928 si
1964 888 2059 929 fun-

217 957 384 995 datores
417 955 664 994 Monasterii
701 955 829 992 vestri
864 955 931 992 vel
965 955 1031 992 alii
1062 953 1218 994 Christi
1253 953 1396 994 fideles
1429 960 1528 1006 aput
1556 960 1737 995 vestrum
1772 958 2059 997 monasterium

215 1024 438 1076 elegerunt
479 1023 743 1074 sepulturam,
787 1022 997 1060 dummodo
1032 1034 1112 1061 non
1145 1023 1227 1061 sint
1260 1025 1602 1063 excommunicati
1641 1025 1710 1063 vel
1744 1025 1949 1064 interdicti
1989 1029 2060 1065 aut

215 1092 342 1129 eciam
377 1090 523 1139 publici
568 1091 748 1128 vsurarii
783 1090 1001 1129 deuocioni
1042 1094 1084 1128 et
1116 1094 1301 1129 extreme
1341 1091 1540 1130 voluntati
1575 1103 1713 1130 eorum
1754 1093 1794 1131 in
1827 1092 1906 1131 hac
1939 1096 2058 1142 parte

212 1158 345 1197 nullus
379 1158 566 1209 obsistat,
600 1157 675 1195 sed
709 1158 833 1196 liceat
867 1158 986 1196 vobis
1021 1158 1176 1196 illorum
1210 1170 1400 1211 corpora,
1434 1170 1522 1198 cum
1557 1159 1834 1213 decesserint,
1868 1172 1947 1198 non
1981 1160 2059 1198 ob-

213 1230 349 1264 stante
397 1225 569 1263 alicuius
618 1225 958 1264 conti-adiecione
1005 1226 1227 1265 temeraria
1276 1226 1567 1266 ecclesiastice
1617 1227 1788 1266 tradere
1830 1227 2057 1281 sepulture,

213 1293 329 1332 salua
362 1296 494 1331 tamen
520 1293 681 1331 iusticia
715 1293 870 1331 illarum
895 1293 1181 1346 ecclesiarum,
1214 1307 1238 1333 a
1271 1295 1418 1346 quibus
1444 1299 1689 1334 mortuorum
1722 1306 1898 1346 corpora
1931 1306 2057 1334 assu-

212 1365 381 1399 mentur.
444 1360 553 1398 Nulli
596 1371 704 1413 ergo
739 1362 898 1399 omnino
931 1361 1132 1400 hominum
1172 1362 1295 1401 liceat
1328 1363 1435 1401 lianc
1469 1365 1667 1417 paginam
1701 1366 1843 1401 nostre
1876 1374 2058 1402 conces-

213 1429 340 1466 sionis
380 1426 628 1481 insringere,
676 1428 745 1466 vel
787 1429 824 1467 ei
872 1440 976 1467 ausu
1024 1431 1243 1468 temerario
1292 1431 1516 1469 contraire.
1580 1431 1627 1470 Si
1671 1431 1762 1481 quis
1802 1433 1937 1469 autem
1976 1429 2056 1469 hoc

211 1498 453 1544 attemptare
487 1497 797 1549 presumpserit,
831 1496 1167 1549 indignacionem
1201 1499 1488 1547 omnipotentis
1522 1498 1588 1536 dei
1623 1502 1664 1537 et
1696 1498 1909 1537 beatorum
1941 1498 2057 1537 Petri

212 1566 252 1601 et
292 1563 407 1601 Pauli
450 1564 728 1612 apostolorum
770 1564 860 1602 eius
899 1575 948 1602 se
990 1565 1150 1603 nouerit
1188 1565 1458 1605 incursurum.
1521 1566 1675 1605 Datum
1713 1566 1916 1606 Laterani
1956 1565 2056 1605 Idus

211 1630 443 1669 Februarii.
476 1629 747 1670 Pontificatus
780 1632 911 1670 nostri
943 1643 1052 1671 anno
1085 1633 1270 1682 septimo.

515 1728 546 1760 E
570 1728 715 1761 codice
739 1728 1061 1764 Welehradensi
1085 1729 1138 1761 fol.
1164 1728 1252 1762 110.

1013 1893 1251 1936 CCCXIII.

212 1992 328 2031 Idem
359 1996 609 2034 monasterio
648 1994 968 2035 I'Velehradensi
998 1996 1197 2047 indulget,
1238 1999 1284 2035 ut
1310 1996 1370 2057 od
1399 1997 1675 2048 receptionem
1707 1999 1745 2036 et
1772 1997 2056 2048 provisionem

241 2061 419 2112 aliczq'us
459 2064 502 2101 in
542 2062 750 2115 beneficiis
789 2064 992 2102 ecclesiae
1023 2065 1192 2102 minime
1224 2067 1449 2103 teneantur.
1516 2066 1584 2104 Dt.
1626 2066 1846 2116 Laterani,
1881 2064 2026 2104 Idibus

914 2131 1157 2182 Februarii,
1199 2132 1350 2171 1261.

348 2220 616 2279 Alexander
648 2242 870 2292 episcopus
910 2253 1060 2280 seruus
1101 2253 1316 2280 seruorum
1356 2243 1436 2282 dei.
1487 2242 1664 2281 Dilectis
1704 2240 1795 2281 filiis
1829 2270 1838 2280 .
1871 2269 1882 2280 .
1914 2241 2055 2280 abbati

214 2308 253 2342 et
292 2308 510 2344 conuentui
553 2310 789 2347 monasterii
830 2309 881 2347 de
922 2309 1166 2359 Weleyrad,
1208 2308 1508 2349 cisterciensis
1549 2309 1727 2362 ordinis,
1768 2309 2053 2348 Olomucensis

215 2370 392 2410 diocesis
425 2375 595 2412 salutem
630 2380 670 2413 et
703 2377 969 2426 apostolicam
1003 2377 1345 2415 benedictionem.
1404 2377 1571 2416 Meritis
1603 2380 1748 2416 vestre
1787 2387 1911 2415 sacre
1952 2376 2054 2415 reli-

215 2439 354 2488 gionis
387 2441 630 2494 inducimur,
664 2448 705 2481 ut
740 2456 814 2482 vos
848 2445 1017 2495 speciali
1053 2446 1204 2498 gracia
1237 2457 1554 2495 prosequamur,
1588 2445 1684 2483 hinc
1717 2448 1803 2496 est,
1836 2444 1944 2494 quod
1976 2455 2052 2482 nos

215 2506 367 2544 vestris
399 2509 771 2557 supplicacionibus
804 2516 1038 2552 annuentes
1065 2513 1311 2553 auctoritate
1337 2513 1457 2552 vobis
1480 2513 1742 2564 presencium
1775 2512 2051 2566 indulgemus,
