2155 2928
1030 179 1300 240 *249*

1029 318 1266 360 CCLVIII.

228 423 446 474 premysl,
489 422 679 461 dominus
718 418 837 467 reqm‘
876 415 1097 463 Boanum»,
1148 411 1242 450 dua*
1288 410 1486 449 Ausci-iae
1526 411 1565 447 el
1607 407 1797 447 marchio
1836 409 2069 461 Moraviae,

227 493 472 531 locationem
520 488 758 528 munitionis
805 495 879 522 seu
925 480 1068 533 oppidi
1114 477 1322 518 IIradc‘s'le'
1370 479 1517 516 contra
1556 477 1753 515 terminos
1804 477 2071 527 Ungui-orum

228 559 407 609 ordinat,
442 559 610 610 ejusque
649 558 687 593 el
715 551 956 592 monasterii
996 546 1336 586 Welelzradensis
1363 546 1471 597 jura
1504 544 1654 584 ibidem
1696 543 1861 583 stabilit.
1924 545 1997 583 Dc.
2028 545 2072 584 in

777 619 904 669 Pla-z,
938 615 1083 656 Idibus
1118 613 1324 665 Octobris9
1364 612 1515 653 1257.

366 715 438 777 C.
477 735 522 773 In
561 732 721 771 nomine
760 731 909 768 sancte
950 730 992 765 et
1033 724 1243 765 indiuidue
1285 725 1480 763 trinitatis
1526 733 1659 762 amen.
1728 722 1831 776 Ego
1870 722 2073 763 Premizel

230 814 296 852 dei
345 813 485 866 gratia
527 809 708 848 dominns
749 806 895 858 Regni
942 804 1125 843 Boemie.
1174 802 1273 840 'Dux
1318 802 1505 840 Austrie.
1553 804 1595 840 et
1632 799 1827 839 Marciiio
1866 799 2072 840 Morauie.

231 881 426 920 Omnibus
461 878 566 916 banc
591 876 787 927 paginam
820 871 1071 922 inspecturis
1097 871 1405 920 imperpetuum.
1452 869 1591 907 Decet
1615 868 1798 922 Regalis
1823 867 2074 907 excellentie

230 949 472 1002 dignitatem
507 944 673 982 cuilibet
707 943 797 980 ivra
831 952 908 978 sua
942 940 1113 992 integra
1146 942 1188 977 et
1212 938 1368 977 illibata
1401 948 1582 976 seruare
1614 948 1664 975 ac
1698 947 1750 975 ea
1783 947 1862 988 que
1896 936 2003 975 iuste
2035 938 2076 976 et

229 1014 525 1055 rationabiliter
558 1013 596 1049 in
630 1009 922 1060 temporalibus
949 1011 1194 1046 statuuntur.
1229 1006 1448 1057 presertim
1477 1016 1558 1056 que
1591 1005 1865 1044 ecclesiarum
1897 1015 2073 1043 commo-

230 1083 318 1121 dum
360 1086 401 1119 et
440 1078 664 1130 profectum
705 1078 934 1128 respiciunt
972 1077 1099 1129 regie
1148 1075 1367 1125 potestatis
1408 1074 1592 1124 presidio
1631 1074 1893 1112 communire.
1933 1076 1974 1111 et
2013 1073 2074 1111 sic

229 1154 324 1189 uota
362 1147 534 1187 fidelium
577 1158 741 1185 suorum
775 1145 994 1184 attendere
1036 1155 1087 1182 ac
1131 1142 1277 1182 effectu
1320 1145 1600 1194 prosequente
1639 1141 1848 1191 complere
1887 1139 1996 1192 quod
2035 1142 2076 1179 et

228 1218 425 1268 principis
465 1216 605 1268 gratia
645 1214 845 1253 exhibita.
889 1216 931 1252 et
970 1212 1224 1251 subditorum
1263 1211 1429 1250 deuotio
1469 1208 1686 1249 manifesta
1725 1209 1992 1260 presentibus
2023 1208 2076 1248 sit

229 1286 280 1325 ad
313 1284 511 1338 gaudium
545 1287 586 1322 et
618 1283 800 1333 posteris
834 1281 976 1335 gratie
1009 1281 1049 1319 in
1083 1280 1326 1330 exemplum.
1375 1280 1484 1318 Hinc
1518 1282 1583 1317 est
1616 1278 1722 1329 quod
1754 1276 1805 1316 ad
1839 1277 2074 1327 petitionem

228 1352 526 1393 venerabilium
561 1353 739 1389 virorum
783 1349 962 1389 Hartlibi
996 1348 1175 1387 Abbatis
1215 1351 1257 1386 et
1289 1345 1533 1387 conuentus
1573 1346 1823 1386 Monasterii
1864 1345 2075 1395 Weliyra-

230 1421 370 1460 densis
404 1418 717 1470 Cysterciensis
758 1418 927 1457 Ordinis
960 1418 1000 1455 in
1043 1427 1212 1468 quorum
1245 1415 1494 1454 Hereditate
1535 1417 1680 1453 contra
1713 1414 1909 1452 terminos
1940 1424 2076 1462 ‘enya-

230 1500 373 1528 rorum
413 1489 678 1526 „inanitionem
716 1498 841 1525 vnum
887 1497 961 1524 seu
1005 1483 1217 1536 Oppidum
1264 1495 1344 1535 pro
1383 1484 1627 1522 necessitate
1671 1495 1722 1521 ac
1763 1481 2078 1520 conservatione

230 1561 338 1597 terre
368 1559 508 1595 nostre
543 1556 771 1608 preparari
809 1557 848 1593 et
877 1554 1068 1606 edificari
1106 1554 1313 1592 ivssimus.
1346 1551 1496 1590 dantes
1536 1552 1576 1590 in
1610 1550 1811 1590 mandatis
1844 1547 2078 1588 venerabili

229 1627 268 1665 in
303 1626 457 1664 christo
496 1625 604 1676 patri
637 1624 797 1663 domino
836 1623 1024 1662 Brvnoni
1059 1621 1322 1661 Olomucensi
1363 1620 1588 1670 Episcopo.
1627 1619 1828 1658 Heinrico
1861 1618 1914 1656 de
1946 1615 2077 1656 Lich-

230 1694 422 1733 teustein.
454 1692 684 1732 IVillielmo
725 1692 776 1731 de
809 1692 1062 1741 Hvztopetz.
1102 1689 1367 1728 Parduzzoni
1407 1687 1664 1728 Camerario.
1705 1686 1931 1726 Zvdemiro
1963 1683 2077 1724 fratri

231 1774 318 1801 suo.
360 1765 399 1800 et
433 1761 605 1800 Iohanni
647 1760 699 1799 de
735 1760 1012 1799 §Vissenowe
1052 1757 1183 1797 Ivdici
1217 1760 1359 1796 nostro
1400 1754 1589 1795 fidelibus
1630 1756 1785 1794 nostris
1828 1754 2003 1792 dilectis.
2036 1754 2078 1792 et

230 1831 270 1869 in
304 1834 459 1868 animas
485 1830 782 1868 committentes
816 1839 955 1867 eorum
983 1831 1025 1866 ut
1057 1827 1195 1866 taliter
1225 1825 1422 1865 ordinare
1456 1827 1732 1875 procurarent
1754 1822 1861 1874 qnod
1895 1821 2078 1861 eiusdem

233 1897 378 1947 Oppidi
413 1898 561 1936 locatio
603 1895 773 1947 prefatis
808 1895 1043 1937 Conuentui
1084 1898 1125 1934 et
1146 1894 1421 1934 ‘Monasterio
1455 1892 1788 1946 IVeligradensi
1823 1902 1904 1930 non
1936 1889 2078 1940 prein-

233 1966 393 2004 dicialis
427 1977 504 2004 nec
538 1967 577 2004 in
610 1966 745 2016 aliquo
781 1966 987 2004 existeret
1028 1974 1223 2002 onerosa.
1258 1962 1391 2000 omnia
1425 1972 1501 2012 per
1533 1962 1702 2000 eosdem
1735 1958 1879 1998 fideles
1913 1960 2078 1997 nostros

233 2035 347 2072 circa
379 2033 622 2072 locationem
656 2033 830 2072 eandem
863 2032 1052 2072 ordinata
1086 2035 1127 2070 et
1159 2034 1325 2069 statuta.
1358 2040 1411 2069 ne
1444 2029 1522 2080 ipsi
1556 2028 1708 2068 exinde
1741 2037 1943 2078 processu
1976 2029 2079 2065 tem-

236 2101 346 2152 poris
387 2102 507 2140 ullum
546 2103 727 2140 sentiant
775 2101 998 2151 periculum
1039 2103 1080 2139 et
1118 2100 1319 2138 iacturam
1367 2097 1618 2137 excellentie
1663 2099 1807 2136 nostre
1846 2094 2078 2134 curauimus

236 2169 456 2220 priuilegio
503 2171 763 2208 communire.
835 2169 1002 2208 Omnem
1050 2168 1347 2207 ordinationem
1394 2167 1573 2217 ipsorum
1620 2168 1662 2204 et
1709 2167 1864 2203 statuta
1909 2161 2079 2216 singula

237 2236 423 2275 instructi
465 2237 624 2287 plenius
667 2249 743 2288 per
784 2238 898 2287 ipsos
940 2236 1204 2287 presentibus
1253 2236 1427 2286 exprimi
1475 2233 1695 2273 facientes.
1736 2232 1932 2271 videlicet
1972 2228 2079 2281 qnod

239 2303 295 2342 ad
331 2305 511 2344 insulam
558 2307 602 2344 ἱιι
640 2318 720 2356 qua
760 2307 839 2344 sila
879 2307 942 2344 est
982 2304 1157 2356 Capella
1197 2302 1347 2344 Sancta·
1389 2301 1565 2353 Georye'z'
1604 2312 1684 2353 que
1724 2311 1798 2352 pre
1843 2299 1998 2338 ceteris
2038 2298 2077 2336 in

240 2371 306 2409 illo
354 2372 539 2412 districtu
588 2373 638 2412 ad
689 2373 1008 2412 construendam
1054 2373 1314 2411 munitionem
1361 2372 1534 2411 omnium
1582 2370 1859 2420 predictorum
1905 2365 2078 2406 fidelium

242 2442 469 2478 nostrorum
508 2442 656 2479 iudicio
697 2443 828 2491 aptior
867 2441 1087 2480 videbatur
1120 2436 1205 2480 tam
1244 2440 1428 2479 homines
1468 2439 1597 2478 nostri
1638 2438 1690 2476 de
1731 2436 1930 2478 Conowiz
1962 2445 2078 2486 quam

243 2504 427 2544 homines
466 2508 713 2547 monasterii
754 2510 819 2548 W
825 2509 1109 2562 eligi-adensis
1150 2508 1202 2547 de
1243 2508 1333 2558 ipsa
1369 2507 1535 2559 forensi
1572 2506 1674 2544 villa
1720 2503 1950 2554 {Veliqrad
1990 2513 2078 2541 cum

245 2582 319 2620 pro
353 2574 536 2612 omuibus
567 2576 619 2614 sit
650 2576 756 2616 latus
797 2580 838 2616 et
869 2589 1008 2628 capax
1041 2577 1157 2616 locus
1195 2576 1277 2615 ille.
1310 2575 1427 2615 simul
1469 2574 1651 2614 debeant
1681 2584 1730 2612 se
1762 2570 2005 2612 transferre.
2039 2571 2080 2609 et
