<?xml version="1.0" encoding="UTF-8"?>
<!DOCTYPE html PUBLIC "-//W3C//DTD XHTML 1.0 Transitional//EN"
    "http://www.w3.org/TR/xhtml1/DTD/xhtml1-transitional.dtd">
<html xmlns="http://www.w3.org/1999/xhtml" xml:lang="en" lang="en">
 <head>
  <title>
</title>
<meta http-equiv="Content-Type" content="text/html;charset=utf-8" />
  <meta name='ocr-system' content='tesseract 3.04.00' />
  <meta name='ocr-capabilities' content='ocr_page ocr_carea ocr_par ocr_line ocrx_word'/>
</head>
<body>
  <div class='ocr_page' id='page_1' title='image "./codexdiplomaticu03morauoft_0313.png"; bbox 0 0 2155 2928; ppageno 0'>
   <div class='ocr_carea' id='block_1_1' title="bbox 72 187 1924 2630">
    <p class='ocr_par' dir='ltr' id='par_1_1' title="bbox 72 187 1924 2630">
     <span class='ocr_line' id='line_1_1' title="bbox 939 187 1043 228; baseline 0.019 -2"><span class='ocrx_word' id='word_1_1' title='bbox 939 187 1043 228; x_wconf 75' lang='lat'><strong>247</strong></span> 
     </span>
     <span class='ocr_line' id='line_1_2' title="bbox 74 326 1912 383; baseline -0.001 -13"><span class='ocrx_word' id='word_1_2' title='bbox 74 329 179 383; x_wconf 82' lang='lat' dir='ltr'><strong>quod</strong></span> <span class='ocrx_word' id='word_1_3' title='bbox 223 339 377 368; x_wconf 88' lang='lat' dir='ltr'><strong>census</strong></span> <span class='ocrx_word' id='word_1_4' title='bbox 417 338 608 367; x_wconf 82' lang='lat' dir='ltr'><strong>arearum</strong></span> <span class='ocrx_word' id='word_1_5' title='bbox 655 329 698 368; x_wconf 88' lang='lat' dir='ltr'><strong>in</strong></span> <span class='ocrx_word' id='word_1_6' title='bbox 739 328 887 380; x_wconf 82' lang='lat' dir='ltr'><strong>quibus</strong></span> <span class='ocrx_word' id='word_1_7' title='bbox 925 331 1008 367; x_wconf 88' lang='lat' dir='ltr'><strong>tam</strong></span> <span class='ocrx_word' id='word_1_8' title='bbox 1045 328 1175 366; x_wconf 81' lang='lat' dir='ltr'><strong>nostri</strong></span> <span class='ocrx_word' id='word_1_9' title='bbox 1223 338 1341 378; x_wconf 89' lang='lat' dir='ltr'><strong>quam</strong></span> <span class='ocrx_word' id='word_1_10' title='bbox 1379 326 1628 366; x_wconf 84' lang='lat' dir='ltr'><strong>Monasterii</strong></span> <span class='ocrx_word' id='word_1_11' title='bbox 1668 327 1912 368; x_wconf 87' lang='lat' dir='ltr'><strong>residebunt</strong></span> 
     </span>
     <span class='ocr_line' id='line_1_3' title="bbox 74 394 1912 449; baseline -0.002 -10"><span class='ocrx_word' id='word_1_12' title='bbox 74 399 269 439; x_wconf 89' lang='lat' dir='ltr'><strong>homines.</strong></span> <span class='ocrx_word' id='word_1_13' title='bbox 310 397 444 435; x_wconf 91' lang='lat' dir='ltr'><strong>eidem</strong></span> <span class='ocrx_word' id='word_1_14' title='bbox 482 396 747 435; x_wconf 81' lang='lat' dir='ltr'><strong>Monasterio</strong></span> <span class='ocrx_word' id='word_1_15' title='bbox 787 408 876 436; x_wconf 89' lang='lat' dir='ltr'><strong>cum</strong></span> <span class='ocrx_word' id='word_1_16' title='bbox 915 394 1066 434; x_wconf 87' lang='lat' dir='ltr'><strong>fundus</strong></span> <span class='ocrx_word' id='word_1_17' title='bbox 1108 396 1158 434; x_wconf 88' lang='lat' dir='ltr'><strong>ad</strong></span> <span class='ocrx_word' id='word_1_18' title='bbox 1199 396 1328 445; x_wconf 90' lang='lat' dir='ltr'><strong>ipsum</strong></span> <span class='ocrx_word' id='word_1_19' title='bbox 1366 398 1531 445; x_wconf 77' lang='lat' dir='ltr'>spectet</span> <span class='ocrx_word' id='word_1_20' title='bbox 1569 395 1689 434; x_wconf 90' lang='lat' dir='ltr'><strong>annis</strong></span> <span class='ocrx_word' id='word_1_21' title='bbox 1729 397 1912 449; x_wconf 81' lang='lat' dir='ltr'><strong>singulis</strong></span> 
     </span>
     <span class='ocr_line' id='line_1_4' title="bbox 72 463 1911 519; baseline -0.002 -13"><span class='ocrx_word' id='word_1_22' title='bbox 72 466 344 519; x_wconf 88' lang='lat' dir='ltr'><strong>persoluatur.</strong></span> <span class='ocrx_word' id='word_1_23' title='bbox 370 468 412 503; x_wconf 89' lang='lat' dir='ltr'><strong>et</strong></span> <span class='ocrx_word' id='word_1_24' title='bbox 441 463 547 514; x_wconf 86' lang='lat' dir='ltr'><strong>quod</strong></span> <span class='ocrx_word' id='word_1_25' title='bbox 578 466 710 504; x_wconf 87' lang='lat' dir='ltr'><strong>omnia</strong></span> <span class='ocrx_word' id='word_1_26' title='bbox 734 466 772 503; x_wconf 92' lang='lat' dir='ltr'><strong>in</strong></span> <span class='ocrx_word' id='word_1_27' title='bbox 798 466 930 516; x_wconf 86' lang='lat' dir='ltr'><strong>aquis.</strong></span> <span class='ocrx_word' id='word_1_28' title='bbox 952 464 1220 504; x_wconf 87' lang='lat' dir='ltr'><strong>Molendinis.</strong></span> <span class='ocrx_word' id='word_1_29' title='bbox 1247 463 1566 501; x_wconf 79' lang='lat' dir='ltr'><strong>piscationibus.</strong></span> <span class='ocrx_word' id='word_1_30' title='bbox 1593 463 1735 503; x_wconf 89' lang='lat' dir='ltr'><strong>Siluis.</strong></span> <span class='ocrx_word' id='word_1_31' title='bbox 1758 464 1911 503; x_wconf 83' lang='lat' dir='ltr'><strong>Pratis.</strong></span> 
     </span>
     <span class='ocr_line' id='line_1_5' title="bbox 73 531 1913 587; baseline -0.003 -12"><span class='ocrx_word' id='word_1_32' title='bbox 73 538 115 575; x_wconf 83' lang='lat' dir='ltr'><strong>et</strong></span> <span class='ocrx_word' id='word_1_33' title='bbox 143 534 292 587; x_wconf 85' lang='lat' dir='ltr'><strong>Agris.</strong></span> <span class='ocrx_word' id='word_1_34' title='bbox 325 537 367 572; x_wconf 84' lang='lat' dir='ltr'><strong>et</strong></span> <span class='ocrx_word' id='word_1_35' title='bbox 398 532 649 583; x_wconf 81' lang='lat' dir='ltr'>quibuslibet</span> <span class='ocrx_word' id='word_1_36' title='bbox 681 533 785 572; x_wconf 87' lang='lat' dir='ltr'><strong>aliis.</strong></span> <span class='ocrx_word' id='word_1_37' title='bbox 826 533 878 571; x_wconf 89' lang='lat' dir='ltr'><strong>de</strong></span> <span class='ocrx_word' id='word_1_38' title='bbox 911 533 1058 584; x_wconf 88' lang='lat' dir='ltr'><strong>quibus</strong></span> <span class='ocrx_word' id='word_1_39' title='bbox 1093 531 1336 572; x_wconf 85' lang='lat' dir='ltr'><strong>Conuentus</strong></span> <span class='ocrx_word' id='word_1_40' title='bbox 1369 531 1725 584; x_wconf 79' lang='lat' dir='ltr'><strong>VVeligradensis</strong></span> <span class='ocrx_word' id='word_1_41' title='bbox 1758 531 1913 570; x_wconf 87' lang='lat' dir='ltr'><strong>docere</strong></span> 
     </span>
     <span class='ocr_line' id='line_1_6' title="bbox 73 599 1912 654; baseline -0.002 -13"><span class='ocrx_word' id='word_1_42' title='bbox 73 603 220 654; x_wconf 90' lang='lat' dir='ltr'><strong>poterit</strong></span> <span class='ocrx_word' id='word_1_43' title='bbox 251 601 412 640; x_wconf 86' lang='lat' dir='ltr'><strong>nomine</strong></span> <span class='ocrx_word' id='word_1_44' title='bbox 438 600 533 639; x_wconf 86' lang='lat' dir='ltr'><strong>dicti</strong></span> <span class='ocrx_word' id='word_1_45' title='bbox 567 602 804 640; x_wconf 87' lang='lat' dir='ltr'><strong>monasterii</strong></span> <span class='ocrx_word' id='word_1_46' title='bbox 832 605 975 640; x_wconf 87' lang='lat' dir='ltr'><strong>teneat</strong></span> <span class='ocrx_word' id='word_1_47' title='bbox 1000 605 1042 639; x_wconf 87' lang='lat' dir='ltr'><strong>et</strong></span> <span class='ocrx_word' id='word_1_48' title='bbox 1067 599 1278 650; x_wconf 86' lang='lat' dir='ltr'><strong>possideat</strong></span> <span class='ocrx_word' id='word_1_49' title='bbox 1305 600 1394 638; x_wconf 90' lang='lat' dir='ltr'><strong>iure</strong></span> <span class='ocrx_word' id='word_1_50' title='bbox 1419 599 1501 637; x_wconf 86' lang='lat' dir='ltr'><strong>tali.</strong></span> <span class='ocrx_word' id='word_1_51' title='bbox 1528 599 1757 650; x_wconf 87' lang='lat' dir='ltr'><strong>eodemque</strong></span> <span class='ocrx_word' id='word_1_52' title='bbox 1782 599 1912 638; x_wconf 90' lang='lat' dir='ltr'><strong>liber-</strong></span> 
     </span>
     <span class='ocr_line' id='line_1_7' title="bbox 72 667 1913 718; baseline -0.002 -9"><span class='ocrx_word' id='word_1_53' title='bbox 72 670 166 710; x_wconf 82' lang='lat' dir='ltr'><strong>tatis</strong></span> <span class='ocrx_word' id='word_1_54' title='bbox 196 668 309 708; x_wconf 86' lang='lat' dir='ltr'><strong>titulo</strong></span> <span class='ocrx_word' id='word_1_55' title='bbox 341 669 449 707; x_wconf 90' lang='lat' dir='ltr'><strong>sicut</strong></span> <span class='ocrx_word' id='word_1_56' title='bbox 480 672 685 708; x_wconf 83' lang='lat' dir='ltr'><strong>hactenus</strong></span> <span class='ocrx_word' id='word_1_57' title='bbox 718 669 947 707; x_wconf 86' lang='lat' dir='ltr'>dinoscitur</span> <span class='ocrx_word' id='word_1_58' title='bbox 988 668 1244 718; x_wconf 80' lang='lat' dir='ltr'><strong>possedisse.</strong></span> <span class='ocrx_word' id='word_1_59' title='bbox 1287 671 1329 706; x_wconf 89' lang='lat' dir='ltr'><strong>et</strong></span> <span class='ocrx_word' id='word_1_60' title='bbox 1361 667 1466 718; x_wconf 88' lang='lat' dir='ltr'><strong>quod</strong></span> <span class='ocrx_word' id='word_1_61' title='bbox 1501 668 1662 707; x_wconf 83' lang='lat' dir='ltr'><strong>ratione</strong></span> <span class='ocrx_word' id='word_1_62' title='bbox 1694 667 1913 706; x_wconf 87' lang='lat' dir='ltr'><strong>locationis</strong></span> 
     </span>
     <span class='ocr_line' id='line_1_8' title="bbox 73 735 1913 787; baseline -0.002 -11"><span class='ocrx_word' id='word_1_63' title='bbox 73 736 191 777; x_wconf 81' lang='lat' dir='ltr'><strong>huius</strong></span> <span class='ocrx_word' id='word_1_64' title='bbox 221 736 345 776; x_wconf 86' lang='lat' dir='ltr'><strong>nichil</strong></span> <span class='ocrx_word' id='word_1_65' title='bbox 377 737 491 775; x_wconf 87' lang='lat' dir='ltr'><strong>circa</strong></span> <span class='ocrx_word' id='word_1_66' title='bbox 521 736 618 775; x_wconf 85' lang='lat' dir='ltr'><strong>talia</strong></span> <span class='ocrx_word' id='word_1_67' title='bbox 652 737 692 775; x_wconf 94' lang='lat' dir='ltr'><strong>in</strong></span> <span class='ocrx_word' id='word_1_68' title='bbox 725 736 991 787; x_wconf 86' lang='lat' dir='ltr'><strong>preiudicium</strong></span> <span class='ocrx_word' id='word_1_69' title='bbox 1025 736 1274 775; x_wconf 80' lang='lat' dir='ltr'><strong>Monasterii</strong></span> <span class='ocrx_word' id='word_1_70' title='bbox 1307 735 1460 774; x_wconf 87' lang='lat' dir='ltr'><strong>debeat</strong></span> <span class='ocrx_word' id='word_1_71' title='bbox 1491 735 1700 774; x_wconf 88' lang='lat' dir='ltr'><strong>immutari.</strong></span> <span class='ocrx_word' id='word_1_72' title='bbox 1762 735 1913 774; x_wconf 88' lang='lat' dir='ltr'><strong>Forum</strong></span> 
     </span>
     <span class='ocr_line' id='line_1_9' title="bbox 74 803 1916 855; baseline -0.001 -11"><span class='ocrx_word' id='word_1_73' title='bbox 74 816 207 844; x_wconf 82' lang='lat' dir='ltr'><strong>rerum</strong></span> <span class='ocrx_word' id='word_1_74' title='bbox 239 804 441 844; x_wconf 86' lang='lat' dir='ltr'><strong>venalium</strong></span> <span class='ocrx_word' id='word_1_75' title='bbox 482 804 523 842; x_wconf 88' lang='lat' dir='ltr'><strong>in</strong></span> <span class='ocrx_word' id='word_1_76' title='bbox 558 804 703 843; x_wconf 88' lang='lat' dir='ltr'><strong>eodem</strong></span> <span class='ocrx_word' id='word_1_77' title='bbox 743 804 902 855; x_wconf 88' lang='lat' dir='ltr'><strong>Oppido</strong></span> <span class='ocrx_word' id='word_1_78' title='bbox 936 816 1041 844; x_wconf 91' lang='lat' dir='ltr'><strong>nouo</strong></span> <span class='ocrx_word' id='word_1_79' title='bbox 1084 805 1244 843; x_wconf 88' lang='lat' dir='ltr'><strong>duobus</strong></span> <span class='ocrx_word' id='word_1_80' title='bbox 1277 803 1425 843; x_wconf 90' lang='lat' dir='ltr'><strong>diebus</strong></span> <span class='ocrx_word' id='word_1_81' title='bbox 1464 803 1646 854; x_wconf 85' lang='lat' dir='ltr'><strong>qualibet</strong></span> <span class='ocrx_word' id='word_1_82' title='bbox 1678 804 1916 843; x_wconf 88' lang='lat' dir='ltr'><strong>seruabitur</strong></span> 
     </span>
     <span class='ocr_line' id='line_1_10' title="bbox 75 870 1915 925; baseline -0.001 -14"><span class='ocrx_word' id='word_1_83' title='bbox 75 873 300 923; x_wconf 78' lang='lat' dir='ltr'><strong>septimana</strong></span> <span class='ocrx_word' id='word_1_84' title='bbox 334 884 416 911; x_wconf 83' lang='lat' dir='ltr'><strong>vno</strong></span> <span class='ocrx_word' id='word_1_85' title='bbox 441 871 668 923; x_wconf 89' lang='lat' dir='ltr'><strong>eodemque</strong></span> <span class='ocrx_word' id='word_1_86' title='bbox 702 872 768 911; x_wconf 88' lang='lat' dir='ltr'><strong>die</strong></span> <span class='ocrx_word' id='word_1_87' title='bbox 793 874 901 911; x_wconf 88' lang='lat' dir='ltr'><strong>sicut</strong></span> <span class='ocrx_word' id='word_1_88' title='bbox 932 874 972 912; x_wconf 92' lang='lat' dir='ltr'><strong>in</strong></span> <span class='ocrx_word' id='word_1_89' title='bbox 996 874 1087 923; x_wconf 85' lang='lat' dir='ltr'><strong>ipsa</strong></span> <span class='ocrx_word' id='word_1_90' title='bbox 1119 870 1275 910; x_wconf 88' lang='lat' dir='ltr'><strong>sorensi</strong></span> <span class='ocrx_word' id='word_1_91' title='bbox 1309 871 1406 910; x_wconf 83' lang='lat' dir='ltr'><strong>villa</strong></span> <span class='ocrx_word' id='word_1_92' title='bbox 1438 871 1676 925; x_wconf 81' lang='lat' dir='ltr'><strong>Weligrad</strong></span> <span class='ocrx_word' id='word_1_93' title='bbox 1709 871 1915 911; x_wconf 85' lang='lat' dir='ltr'><strong>hactenus</strong></span> 
     </span>
     <span class='ocr_line' id='line_1_11' title="bbox 75 939 1915 994; baseline -0.001 -14"><span class='ocrx_word' id='word_1_94' title='bbox 75 944 389 994; x_wconf 25' lang='lat' dir='ltr'><strong>est-seruatum.</strong></span> <span class='ocrx_word' id='word_1_95' title='bbox 423 944 465 979; x_wconf 89' lang='lat' dir='ltr'><strong>et</strong></span> <span class='ocrx_word' id='word_1_96' title='bbox 497 941 586 991; x_wconf 92' lang='lat' dir='ltr'><strong>ipso</strong></span> <span class='ocrx_word' id='word_1_97' title='bbox 621 940 686 978; x_wconf 87' lang='lat' dir='ltr'><strong>die</strong></span> <span class='ocrx_word' id='word_1_98' title='bbox 720 941 852 979; x_wconf 85' lang='lat' dir='ltr'><strong>omnia</strong></span> <span class='ocrx_word' id='word_1_99' title='bbox 885 952 965 991; x_wconf 88' lang='lat' dir='ltr'><strong>que</strong></span> <span class='ocrx_word' id='word_1_100' title='bbox 999 941 1221 991; x_wconf 89' lang='lat' dir='ltr'><strong>prouenire</strong></span> <span class='ocrx_word' id='word_1_101' title='bbox 1254 940 1432 989; x_wconf 82' lang='lat' dir='ltr'><strong>poterint</strong></span> <span class='ocrx_word' id='word_1_102' title='bbox 1472 940 1623 978; x_wconf 90' lang='lat' dir='ltr'><strong>cedent</strong></span> <span class='ocrx_word' id='word_1_103' title='bbox 1654 939 1915 978; x_wconf 86' lang='lat' dir='ltr'><strong>Monasterio</strong></span> 
     </span>
     <span class='ocr_line' id='line_1_12' title="bbox 74 1006 1916 1048; baseline -0.001 -1"><span class='ocrx_word' id='word_1_104' title='bbox 74 1008 162 1048; x_wconf 89' lang='lat' dir='ltr'><strong>iure</strong></span> <span class='ocrx_word' id='word_1_105' title='bbox 199 1006 290 1047; x_wconf 87' lang='lat' dir='ltr'><strong>fori.</strong></span> <span class='ocrx_word' id='word_1_106' title='bbox 352 1009 448 1048; x_wconf 85' lang='lat' dir='ltr'><strong>Alio</strong></span> <span class='ocrx_word' id='word_1_107' title='bbox 490 1008 557 1047; x_wconf 89' lang='lat' dir='ltr'><strong>die</strong></span> <span class='ocrx_word' id='word_1_108' title='bbox 596 1009 705 1047; x_wconf 86' lang='lat' dir='ltr'><strong>sicut</strong></span> <span class='ocrx_word' id='word_1_109' title='bbox 744 1010 784 1047; x_wconf 87' lang='lat' dir='ltr'><strong>in</strong></span> <span class='ocrx_word' id='word_1_110' title='bbox 824 1007 1027 1048; x_wconf 86' lang='lat' dir='ltr'><strong>Conowiz</strong></span> <span class='ocrx_word' id='word_1_111' title='bbox 1066 1009 1269 1046; x_wconf 88' lang='lat' dir='ltr'><strong>hactenus</strong></span> <span class='ocrx_word' id='word_1_112' title='bbox 1310 1011 1374 1046; x_wconf 88' lang='lat' dir='ltr'><strong>est</strong></span> <span class='ocrx_word' id='word_1_113' title='bbox 1413 1012 1621 1046; x_wconf 84' lang='lat' dir='ltr'><strong>seruatum</strong></span> <span class='ocrx_word' id='word_1_114' title='bbox 1662 1011 1704 1045; x_wconf 92' lang='lat' dir='ltr'><strong>et</strong></span> <span class='ocrx_word' id='word_1_115' title='bbox 1741 1008 1808 1046; x_wconf 92' lang='lat' dir='ltr'><strong>illo</strong></span> <span class='ocrx_word' id='word_1_116' title='bbox 1849 1007 1916 1045; x_wconf 86' lang='lat' dir='ltr'><strong>die</strong></span> 
     </span>
     <span class='ocr_line' id='line_1_13' title="bbox 75 1074 1918 1127; baseline -0.001 -12"><span class='ocrx_word' id='word_1_117' title='bbox 75 1074 149 1115; x_wconf 87' lang='lat' dir='ltr'><strong>fori</strong></span> <span class='ocrx_word' id='word_1_118' title='bbox 187 1077 318 1115; x_wconf 87' lang='lat' dir='ltr'><strong>omnia</strong></span> <span class='ocrx_word' id='word_1_119' title='bbox 359 1087 439 1127; x_wconf 87' lang='lat' dir='ltr'><strong>que</strong></span> <span class='ocrx_word' id='word_1_120' title='bbox 486 1077 733 1126; x_wconf 85' lang='lat' dir='ltr'><strong>prouenient</strong></span> <span class='ocrx_word' id='word_1_121' title='bbox 774 1077 890 1115; x_wconf 89' lang='lat' dir='ltr'><strong>nobis</strong></span> <span class='ocrx_word' id='word_1_122' title='bbox 931 1077 1093 1115; x_wconf 88' lang='lat' dir='ltr'><strong>cedent.</strong></span> <span class='ocrx_word' id='word_1_123' title='bbox 1157 1075 1353 1115; x_wconf 87' lang='lat' dir='ltr'><strong>Ceterum</strong></span> <span class='ocrx_word' id='word_1_124' title='bbox 1393 1076 1524 1113; x_wconf 86' lang='lat' dir='ltr'><strong>omnia</strong></span> <span class='ocrx_word' id='word_1_125' title='bbox 1566 1085 1645 1125; x_wconf 90' lang='lat' dir='ltr'><strong>que</strong></span> <span class='ocrx_word' id='word_1_126' title='bbox 1686 1075 1918 1114; x_wconf 89' lang='lat' dir='ltr'><strong>hominibus</strong></span> 
     </span>
     <span class='ocr_line' id='line_1_14' title="bbox 77 1142 1920 1196; baseline -0.002 -13"><span class='ocrx_word' id='word_1_127' title='bbox 77 1145 228 1183; x_wconf 86' lang='lat' dir='ltr'><strong>nostris</strong></span> <span class='ocrx_word' id='word_1_128' title='bbox 271 1145 322 1184; x_wconf 86' lang='lat' dir='ltr'><strong>de</strong></span> <span class='ocrx_word' id='word_1_129' title='bbox 360 1143 563 1185; x_wconf 85' lang='lat' dir='ltr'><strong>Conowiz</strong></span> <span class='ocrx_word' id='word_1_130' title='bbox 605 1145 720 1183; x_wconf 90' lang='lat' dir='ltr'><strong>circa</strong></span> <span class='ocrx_word' id='word_1_131' title='bbox 762 1144 906 1183; x_wconf 86' lang='lat' dir='ltr'><strong>eadem</strong></span> <span class='ocrx_word' id='word_1_132' title='bbox 946 1144 1055 1182; x_wconf 86' lang='lat' dir='ltr'><strong>bona</strong></span> <span class='ocrx_word' id='word_1_133' title='bbox 1098 1147 1240 1182; x_wconf 88' lang='lat' dir='ltr'><strong>nostra</strong></span> <span class='ocrx_word' id='word_1_134' title='bbox 1287 1144 1326 1181; x_wconf 90' lang='lat' dir='ltr'><strong>in</strong></span> <span class='ocrx_word' id='word_1_135' title='bbox 1368 1144 1536 1193; x_wconf 84' lang='lat' dir='ltr'><strong>pascuis</strong></span> <span class='ocrx_word' id='word_1_136' title='bbox 1576 1146 1618 1181; x_wconf 85' lang='lat' dir='ltr'><strong>et</strong></span> <span class='ocrx_word' id='word_1_137' title='bbox 1654 1142 1784 1196; x_wconf 80' lang='lat' dir='ltr'><strong>lignis</strong></span> <span class='ocrx_word' id='word_1_138' title='bbox 1823 1144 1920 1181; x_wconf 86' lang='lat' dir='ltr'><strong>sunt</strong></span> 
     </span>
     <span class='ocr_line' id='line_1_15' title="bbox 79 1211 1918 1264; baseline -0.002 -12"><span class='ocrx_word' id='word_1_139' title='bbox 79 1214 310 1252; x_wconf 90' lang='lat' dir='ltr'><strong>communia.</strong></span> <span class='ocrx_word' id='word_1_140' title='bbox 339 1216 460 1252; x_wconf 87' lang='lat' dir='ltr'><strong>erunt</strong></span> <span class='ocrx_word' id='word_1_141' title='bbox 492 1224 659 1252; x_wconf 85' lang='lat' dir='ltr'><strong>exnunc</strong></span> <span class='ocrx_word' id='word_1_142' title='bbox 686 1212 916 1251; x_wconf 88' lang='lat' dir='ltr'><strong>hominihus</strong></span> <span class='ocrx_word' id='word_1_143' title='bbox 951 1212 1002 1251; x_wconf 91' lang='lat' dir='ltr'><strong>de</strong></span> <span class='ocrx_word' id='word_1_144' title='bbox 1033 1211 1266 1264; x_wconf 56' lang='lat' dir='ltr'><strong>XVeligrad</strong></span> <span class='ocrx_word' id='word_1_145' title='bbox 1294 1211 1409 1249; x_wconf 89' lang='lat' dir='ltr'><strong>simul</strong></span> <span class='ocrx_word' id='word_1_146' title='bbox 1433 1222 1522 1249; x_wconf 86' lang='lat' dir='ltr'><strong>cum</strong></span> <span class='ocrx_word' id='word_1_147' title='bbox 1555 1211 1656 1260; x_wconf 90' lang='lat' dir='ltr'><strong>ipsis</strong></span> <span class='ocrx_word' id='word_1_148' title='bbox 1680 1211 1918 1249; x_wconf 81' lang='lat' dir='ltr'><strong>communia.</strong></span> 
     </span>
     <span class='ocr_line' id='line_1_16' title="bbox 79 1278 1919 1321; baseline -0.003 0"><span class='ocrx_word' id='word_1_149' title='bbox 79 1285 120 1321; x_wconf 86' lang='lat' dir='ltr'><strong>et</strong></span> <span class='ocrx_word' id='word_1_150' title='bbox 141 1292 165 1320; x_wconf 90' lang='lat' dir='ltr'><strong>e</strong></span> <span class='ocrx_word' id='word_1_151' title='bbox 188 1292 393 1320; x_wconf 90' lang='lat' dir='ltr'><strong>conuerso</strong></span> <span class='ocrx_word' id='word_1_152' title='bbox 420 1281 604 1320; x_wconf 88' lang='lat' dir='ltr'><strong>homines</strong></span> <span class='ocrx_word' id='word_1_153' title='bbox 624 1281 753 1320; x_wconf 80' lang='lat' dir='ltr'><strong>nostri</strong></span> <span class='ocrx_word' id='word_1_154' title='bbox 775 1280 826 1319; x_wconf 88' lang='lat' dir='ltr'><strong>de</strong></span> <span class='ocrx_word' id='word_1_155' title='bbox 848 1279 1050 1320; x_wconf 83' lang='lat' dir='ltr'><strong>Conowiz</strong></span> <span class='ocrx_word' id='word_1_156' title='bbox 1070 1281 1107 1318; x_wconf 91' lang='lat' dir='ltr'><strong>in</strong></span> <span class='ocrx_word' id='word_1_157' title='bbox 1128 1279 1311 1318; x_wconf 90' lang='lat' dir='ltr'><strong>omnibus</strong></span> <span class='ocrx_word' id='word_1_158' title='bbox 1331 1279 1408 1317; x_wconf 91' lang='lat' dir='ltr'><strong>hiis</strong></span> <span class='ocrx_word' id='word_1_159' title='bbox 1433 1279 1550 1317; x_wconf 83' lang='lat' dir='ltr'><strong>simili</strong></span> <span class='ocrx_word' id='word_1_160' title='bbox 1575 1289 1664 1317; x_wconf 93' lang='lat' dir='ltr'><strong>cum</strong></span> <span class='ocrx_word' id='word_1_161' title='bbox 1689 1278 1919 1317; x_wconf 89' lang='lat' dir='ltr'><strong>hominibus</strong></span> 
     </span>
     <span class='ocr_line' id='line_1_17' title="bbox 82 1346 1919 1403; baseline -0.002 -15"><span class='ocrx_word' id='word_1_162' title='bbox 82 1349 132 1389; x_wconf 86' lang='lat' dir='ltr'><strong>de</strong></span> <span class='ocrx_word' id='word_1_163' title='bbox 154 1349 390 1403; x_wconf 81' lang='lat' dir='ltr'><strong>Weligrad</strong></span> <span class='ocrx_word' id='word_1_164' title='bbox 423 1350 536 1387; x_wconf 87' lang='lat' dir='ltr'><strong>circa</strong></span> <span class='ocrx_word' id='word_1_165' title='bbox 564 1350 672 1388; x_wconf 88' lang='lat' dir='ltr'><strong>bona</strong></span> <span class='ocrx_word' id='word_1_166' title='bbox 705 1349 955 1388; x_wconf 84' lang='lat' dir='ltr'><strong>Monasterii</strong></span> <span class='ocrx_word' id='word_1_167' title='bbox 981 1348 1266 1387; x_wconf 78' lang='lat' dir='ltr'><strong>communitate</strong></span> <span class='ocrx_word' id='word_1_168' title='bbox 1293 1347 1550 1400; x_wconf 80' lang='lat' dir='ltr'><strong>gaudebunt.</strong></span> <span class='ocrx_word' id='word_1_169' title='bbox 1598 1347 1700 1385; x_wconf 91' lang='lat' dir='ltr'><strong>Item</strong></span> <span class='ocrx_word' id='word_1_170' title='bbox 1729 1346 1919 1397; x_wconf 84' lang='lat' dir='ltr'><strong>quando-</strong></span> 
     </span>
     <span class='ocr_line' id='line_1_18' title="bbox 78 1415 1921 1469; baseline -0.003 -11"><span class='ocrx_word' id='word_1_171' title='bbox 78 1429 238 1469; x_wconf 86' lang='lat' dir='ltr'><strong>cunque</strong></span> <span class='ocrx_word' id='word_1_172' title='bbox 260 1422 440 1457; x_wconf 85' lang='lat' dir='ltr'><strong>steuram</strong></span> <span class='ocrx_word' id='word_1_173' title='bbox 460 1428 535 1468; x_wconf 87' lang='lat' dir='ltr'><strong>per</strong></span> <span class='ocrx_word' id='word_1_174' title='bbox 560 1418 753 1456; x_wconf 85' lang='lat' dir='ltr'><strong>ciuitates</strong></span> <span class='ocrx_word' id='word_1_175' title='bbox 773 1422 814 1457; x_wconf 89' lang='lat' dir='ltr'><strong>et</strong></span> <span class='ocrx_word' id='word_1_176' title='bbox 832 1417 981 1468; x_wconf 86' lang='lat' dir='ltr'><strong>oppida</strong></span> <span class='ocrx_word' id='word_1_177' title='bbox 1005 1422 1144 1455; x_wconf 86' lang='lat' dir='ltr'><strong>nostra</strong></span> <span class='ocrx_word' id='word_1_178' title='bbox 1170 1420 1324 1454; x_wconf 80' lang='lat' dir='ltr'><strong>tantum</strong></span> <span class='ocrx_word' id='word_1_179' title='bbox 1349 1417 1540 1466; x_wconf 89' lang='lat' dir='ltr'><strong>recipere</strong></span> <span class='ocrx_word' id='word_1_180' title='bbox 1558 1415 1806 1453; x_wconf 85' lang='lat' dir='ltr'><strong>uoluerimus</strong></span> <span class='ocrx_word' id='word_1_181' title='bbox 1822 1418 1921 1453; x_wconf 88' lang='lat' dir='ltr'><strong>tunc</strong></span> 
     </span>
     <span class='ocr_line' id='line_1_19' title="bbox 78 1483 1920 1535; baseline -0.002 -10"><span class='ocrx_word' id='word_1_182' title='bbox 78 1485 260 1526; x_wconf 85' lang='lat' dir='ltr'><strong>homines</strong></span> <span class='ocrx_word' id='word_1_183' title='bbox 291 1485 542 1525; x_wconf 85' lang='lat' dir='ltr'><strong>Monasterii</strong></span> <span class='ocrx_word' id='word_1_184' title='bbox 574 1487 616 1525; x_wconf 91' lang='lat' dir='ltr'><strong>in</strong></span> <span class='ocrx_word' id='word_1_185' title='bbox 649 1485 793 1525; x_wconf 88' lang='lat' dir='ltr'><strong>eodem</strong></span> <span class='ocrx_word' id='word_1_186' title='bbox 832 1497 941 1524; x_wconf 88' lang='lat' dir='ltr'><strong>nouo</strong></span> <span class='ocrx_word' id='word_1_187' title='bbox 974 1485 1210 1524; x_wconf 84' lang='lat' dir='ltr'><strong>residentes</strong></span> <span class='ocrx_word' id='word_1_188' title='bbox 1244 1484 1402 1535; x_wconf 89' lang='lat' dir='ltr'><strong>Oppido</strong></span> <span class='ocrx_word' id='word_1_189' title='bbox 1435 1483 1560 1522; x_wconf 86' lang='lat' dir='ltr'><strong>nichil</strong></span> <span class='ocrx_word' id='word_1_190' title='bbox 1593 1483 1755 1522; x_wconf 88' lang='lat' dir='ltr'><strong>soluent</strong></span> <span class='ocrx_word' id='word_1_191' title='bbox 1786 1483 1920 1522; x_wconf 86' lang='lat' dir='ltr'><strong>nobis.</strong></span> 
     </span>
     <span class='ocr_line' id='line_1_20' title="bbox 79 1551 1920 1608; baseline -0.002 -15"><span class='ocrx_word' id='word_1_192' title='bbox 79 1553 152 1593; x_wconf 84' lang='lat' dir='ltr'><strong>sed</strong></span> <span class='ocrx_word' id='word_1_193' title='bbox 184 1553 347 1605; x_wconf 89' lang='lat' dir='ltr'><strong>quando</strong></span> <span class='ocrx_word' id='word_1_194' title='bbox 381 1554 629 1608; x_wconf 80' lang='lat' dir='ltr'><strong>generalem</strong></span> <span class='ocrx_word' id='word_1_195' title='bbox 669 1558 853 1593; x_wconf 81' lang='lat' dir='ltr'><strong>stevram</strong></span> <span class='ocrx_word' id='word_1_196' title='bbox 884 1565 961 1605; x_wconf 89' lang='lat' dir='ltr'><strong>per</strong></span> <span class='ocrx_word' id='word_1_197' title='bbox 1001 1557 1122 1592; x_wconf 84' lang='lat' dir='ltr'><strong>totam</strong></span> <span class='ocrx_word' id='word_1_198' title='bbox 1155 1558 1307 1592; x_wconf 87' lang='lat' dir='ltr'><strong>terram</strong></span> <span class='ocrx_word' id='word_1_199' title='bbox 1341 1556 1381 1591; x_wconf 86' lang='lat' dir='ltr'><strong>et</strong></span> <span class='ocrx_word' id='word_1_200' title='bbox 1421 1551 1614 1605; x_wconf 82' lang='lat' dir='ltr'><strong>singulas</strong></span> <span class='ocrx_word' id='word_1_201' title='bbox 1646 1551 1767 1590; x_wconf 87' lang='lat' dir='ltr'><strong>villas</strong></span> <span class='ocrx_word' id='word_1_202' title='bbox 1799 1551 1920 1590; x_wconf 91' lang='lat' dir='ltr'><strong>nobis</strong></span> 
     </span>
     <span class='ocr_line' id='line_1_21' title="bbox 78 1618 1923 1682; baseline -0.002 -22"><span class='ocrx_word' id='word_1_203' title='bbox 78 1621 277 1673; x_wconf 82' lang='lat' dir='ltr'><strong>placuerit</strong></span> <span class='ocrx_word' id='word_1_204' title='bbox 307 1624 512 1673; x_wconf 88' lang='lat' dir='ltr'><strong>recipere.</strong></span> <span class='ocrx_word' id='word_1_205' title='bbox 544 1626 643 1682; x_wconf 72' lang='lat' dir='ltr'><strong>tunc</strong></span> <span class='ocrx_word' id='word_1_206' title='bbox 687 1626 728 1661; x_wconf 89' lang='lat' dir='ltr'><strong>et</strong></span> <span class='ocrx_word' id='word_1_207' title='bbox 760 1623 840 1672; x_wconf 87' lang='lat' dir='ltr'><strong>ipsi</strong></span> <span class='ocrx_word' id='word_1_208' title='bbox 872 1622 992 1660; x_wconf 91' lang='lat' dir='ltr'><strong>nobis</strong></span> <span class='ocrx_word' id='word_1_209' title='bbox 1026 1633 1114 1660; x_wconf 88' lang='lat' dir='ltr'><strong>cum</strong></span> <span class='ocrx_word' id='word_1_210' title='bbox 1147 1621 1237 1660; x_wconf 87' lang='lat' dir='ltr'><strong>aliis</strong></span> <span class='ocrx_word' id='word_1_211' title='bbox 1277 1620 1443 1659; x_wconf 89' lang='lat' dir='ltr'><strong>soluere</strong></span> <span class='ocrx_word' id='word_1_212' title='bbox 1475 1619 1738 1658; x_wconf 87' lang='lat' dir='ltr'><strong>tenebuntur.</strong></span> <span class='ocrx_word' id='word_1_213' title='bbox 1771 1618 1849 1658; x_wconf 80' lang='lat' dir='ltr'><strong>sed</strong></span> <span class='ocrx_word' id='word_1_214' title='bbox 1878 1619 1923 1658; x_wconf 86' lang='lat' dir='ltr'><strong>in</strong></span> 
     </span>
     <span class='ocr_line' id='line_1_22' title="bbox 80 1687 1922 1739; baseline -0.002 -10"><span class='ocrx_word' id='word_1_215' title='bbox 80 1690 260 1729; x_wconf 82' lang='lat' dir='ltr'><strong>omnibus</strong></span> <span class='ocrx_word' id='word_1_216' title='bbox 301 1690 392 1729; x_wconf 86' lang='lat' dir='ltr'><strong>aliis</strong></span> <span class='ocrx_word' id='word_1_217' title='bbox 432 1690 484 1729; x_wconf 86' lang='lat' dir='ltr'><strong>ad</strong></span> <span class='ocrx_word' id='word_1_218' title='bbox 517 1690 824 1729; x_wconf 85' lang='lat' dir='ltr'><strong>Monasterium</strong></span> <span class='ocrx_word' id='word_1_219' title='bbox 861 1694 902 1729; x_wconf 93' lang='lat' dir='ltr'><strong>et</strong></span> <span class='ocrx_word' id='word_1_220' title='bbox 935 1689 1193 1730; x_wconf 77' lang='lat' dir='ltr'><strong>conuentum</strong></span> <span class='ocrx_word' id='word_1_221' title='bbox 1235 1689 1396 1739; x_wconf 93' lang='lat' dir='ltr'><strong>plenum</strong></span> <span class='ocrx_word' id='word_1_222' title='bbox 1436 1687 1648 1727; x_wconf 83' lang='lat' dir='ltr'><strong>habebunt</strong></span> <span class='ocrx_word' id='word_1_223' title='bbox 1687 1690 1922 1738; x_wconf 87' lang='lat' dir='ltr'><strong>respectum</strong></span> 
     </span>
     <span class='ocr_line' id='line_1_23' title="bbox 81 1754 1921 1811; baseline -0.002 -15"><span class='ocrx_word' id='word_1_224' title='bbox 81 1758 407 1808; x_wconf 84' lang='lat' dir='ltr'><strong>quemadmodum</strong></span> <span class='ocrx_word' id='word_1_225' title='bbox 441 1758 644 1797; x_wconf 84' lang='lat' dir='ltr'><strong>hactenus</strong></span> <span class='ocrx_word' id='word_1_226' title='bbox 666 1758 911 1797; x_wconf 88' lang='lat' dir='ltr'><strong>habuerunt.</strong></span> <span class='ocrx_word' id='word_1_227' title='bbox 946 1763 986 1797; x_wconf 89' lang='lat' dir='ltr'><strong>et</strong></span> <span class='ocrx_word' id='word_1_228' title='bbox 1012 1763 1053 1796; x_wconf 93' lang='lat' dir='ltr'><strong>ut</strong></span> <span class='ocrx_word' id='word_1_229' title='bbox 1080 1759 1218 1811; x_wconf 76' lang='lat' dir='ltr'><strong>magis</strong></span> <span class='ocrx_word' id='word_1_230' title='bbox 1248 1759 1288 1796; x_wconf 92' lang='lat' dir='ltr'><strong>in</strong></span> <span class='ocrx_word' id='word_1_231' title='bbox 1321 1758 1526 1795; x_wconf 86' lang='lat' dir='ltr'><strong>locatione</strong></span> <span class='ocrx_word' id='word_1_232' title='bbox 1552 1757 1620 1794; x_wconf 86' lang='lat' dir='ltr'><strong>tali</strong></span> <span class='ocrx_word' id='word_1_233' title='bbox 1656 1755 1752 1794; x_wconf 89' lang='lat' dir='ltr'><strong>dicti</strong></span> <span class='ocrx_word' id='word_1_234' title='bbox 1776 1754 1921 1794; x_wconf 85' lang='lat' dir='ltr'><strong>fideles</strong></span> 
     </span>
     <span class='ocr_line' id='line_1_24' title="bbox 81 1824 1922 1878; baseline -0.001 -14"><span class='ocrx_word' id='word_1_235' title='bbox 81 1827 209 1865; x_wconf 85' lang='lat' dir='ltr'><strong>nostri</strong></span> <span class='ocrx_word' id='word_1_236' title='bbox 240 1827 373 1865; x_wconf 89' lang='lat' dir='ltr'><strong>eidem</strong></span> <span class='ocrx_word' id='word_1_237' title='bbox 398 1827 668 1878; x_wconf 86' lang='lat' dir='ltr'><strong>prouiderent</strong></span> <span class='ocrx_word' id='word_1_238' title='bbox 700 1827 960 1866; x_wconf 84' lang='lat' dir='ltr'><strong>Monasterio</strong></span> <span class='ocrx_word' id='word_1_239' title='bbox 987 1827 1267 1865; x_wconf 86' lang='lat' dir='ltr'><strong>decreuerunt</strong></span> <span class='ocrx_word' id='word_1_240' title='bbox 1300 1829 1341 1864; x_wconf 89' lang='lat' dir='ltr'><strong>et</strong></span> <span class='ocrx_word' id='word_1_241' title='bbox 1366 1829 1598 1863; x_wconf 82' lang='lat' dir='ltr'><strong>statuerunt</strong></span> <span class='ocrx_word' id='word_1_242' title='bbox 1621 1824 1726 1875; x_wconf 85' lang='lat' dir='ltr'><strong>quod</strong></span> <span class='ocrx_word' id='word_1_243' title='bbox 1752 1828 1833 1863; x_wconf 86' lang='lat' dir='ltr'><strong>tam</strong></span> <span class='ocrx_word' id='word_1_244' title='bbox 1866 1834 1922 1863; x_wconf 86' lang='lat' dir='ltr'><strong>ex</strong></span> 
     </span>
     <span class='ocr_line' id='line_1_25' title="bbox 81 1892 1924 1946; baseline -0.001 -14"><span class='ocrx_word' id='word_1_245' title='bbox 81 1898 196 1944; x_wconf 85' lang='lat' dir='ltr'><strong>parte</strong></span> <span class='ocrx_word' id='word_1_246' title='bbox 227 1896 358 1933; x_wconf 87' lang='lat' dir='ltr'><strong>nostri</strong></span> <span class='ocrx_word' id='word_1_247' title='bbox 399 1906 517 1946; x_wconf 87' lang='lat' dir='ltr'><strong>quam</strong></span> <span class='ocrx_word' id='word_1_248' title='bbox 549 1896 800 1935; x_wconf 84' lang='lat' dir='ltr'><strong>Monasterii</strong></span> <span class='ocrx_word' id='word_1_249' title='bbox 835 1899 876 1934; x_wconf 88' lang='lat' dir='ltr'><strong>et</strong></span> <span class='ocrx_word' id='word_1_250' title='bbox 909 1894 1154 1935; x_wconf 85' lang='lat' dir='ltr'><strong>Conuentus</strong></span> <span class='ocrx_word' id='word_1_251' title='bbox 1193 1895 1233 1932; x_wconf 89' lang='lat' dir='ltr'><strong>in</strong></span> <span class='ocrx_word' id='word_1_252' title='bbox 1267 1893 1409 1932; x_wconf 92' lang='lat' dir='ltr'><strong>eodem</strong></span> <span class='ocrx_word' id='word_1_253' title='bbox 1443 1892 1602 1943; x_wconf 86' lang='lat' dir='ltr'><strong>Oppido</strong></span> <span class='ocrx_word' id='word_1_254' title='bbox 1637 1903 1737 1931; x_wconf 86' lang='lat' dir='ltr'><strong>esse</strong></span> <span class='ocrx_word' id='word_1_255' title='bbox 1769 1892 1924 1931; x_wconf 87' lang='lat' dir='ltr'><strong>debeat</strong></span> 
     </span>
     <span class='ocr_line' id='line_1_26' title="bbox 81 1959 1923 2013; baseline -0.002 -13"><span class='ocrx_word' id='word_1_256' title='bbox 81 1973 186 2000; x_wconf 88' lang='lat' dir='ltr'><strong>vnus</strong></span> <span class='ocrx_word' id='word_1_257' title='bbox 217 1963 352 2002; x_wconf 85' lang='lat' dir='ltr'><strong>lvdcx</strong></span> <span class='ocrx_word' id='word_1_258' title='bbox 389 1963 667 2002; x_wconf 87' lang='lat' dir='ltr'><strong>instituendus</strong></span> <span class='ocrx_word' id='word_1_259' title='bbox 699 1975 781 2002; x_wconf 89' lang='lat' dir='ltr'><strong>non</strong></span> <span class='ocrx_word' id='word_1_260' title='bbox 816 1974 890 2013; x_wconf 88' lang='lat' dir='ltr'><strong>per</strong></span> <span class='ocrx_word' id='word_1_261' title='bbox 922 1975 998 2002; x_wconf 88' lang='lat' dir='ltr'><strong>nos</strong></span> <span class='ocrx_word' id='word_1_262' title='bbox 1031 1963 1107 2001; x_wconf 90' lang='lat' dir='ltr'><strong>sed</strong></span> <span class='ocrx_word' id='word_1_263' title='bbox 1140 1973 1215 2013; x_wconf 89' lang='lat' dir='ltr'><strong>per</strong></span> <span class='ocrx_word' id='word_1_264' title='bbox 1248 1960 1503 2002; x_wconf 86' lang='lat' dir='ltr'><strong>Conuentum</strong></span> <span class='ocrx_word' id='word_1_265' title='bbox 1538 1960 1603 2011; x_wconf 92' lang='lat' dir='ltr'><strong>qui</strong></span> <span class='ocrx_word' id='word_1_266' title='bbox 1637 1959 1923 1998; x_wconf 87' lang='lat' dir='ltr'><strong>nichilominus</strong></span> 
     </span>
     <span class='ocr_line' id='line_1_27' title="bbox 81 2028 1922 2082; baseline -0.002 -14"><span class='ocrx_word' id='word_1_267' title='bbox 81 2029 199 2068; x_wconf 87' lang='lat' dir='ltr'><strong>nobis</strong></span> <span class='ocrx_word' id='word_1_268' title='bbox 231 2030 283 2069; x_wconf 89' lang='lat' dir='ltr'><strong>de</strong></span> <span class='ocrx_word' id='word_1_269' title='bbox 310 2031 476 2070; x_wconf 90' lang='lat' dir='ltr'><strong>ivdicio.</strong></span> <span class='ocrx_word' id='word_1_270' title='bbox 510 2032 563 2070; x_wconf 87' lang='lat' dir='ltr'><strong>de</strong></span> <span class='ocrx_word' id='word_1_271' title='bbox 587 2029 689 2070; x_wconf 90' lang='lat' dir='ltr'><strong>soro.</strong></span> <span class='ocrx_word' id='word_1_272' title='bbox 724 2031 775 2070; x_wconf 91' lang='lat' dir='ltr'><strong>de</strong></span> <span class='ocrx_word' id='word_1_273' title='bbox 802 2031 933 2082; x_wconf 89' lang='lat' dir='ltr'><strong>culpis</strong></span> <span class='ocrx_word' id='word_1_274' title='bbox 959 2031 1161 2070; x_wconf 89' lang='lat' dir='ltr'><strong>hominum</strong></span> <span class='ocrx_word' id='word_1_275' title='bbox 1186 2035 1417 2069; x_wconf 83' lang='lat' dir='ltr'><strong>nostrorum</strong></span> <span class='ocrx_word' id='word_1_276' title='bbox 1441 2032 1483 2067; x_wconf 94' lang='lat' dir='ltr'><strong>et</strong></span> <span class='ocrx_word' id='word_1_277' title='bbox 1507 2028 1691 2067; x_wconf 89' lang='lat' dir='ltr'><strong>omnibus</strong></span> <span class='ocrx_word' id='word_1_278' title='bbox 1724 2028 1817 2066; x_wconf 84' lang='lat' dir='ltr'><strong>aliis</strong></span> <span class='ocrx_word' id='word_1_279' title='bbox 1841 2038 1922 2078; x_wconf 89' lang='lat' dir='ltr'><strong>que</strong></span> 
     </span>
     <span class='ocr_line' id='line_1_28' title="bbox 82 2095 1922 2153; baseline -0.002 -18"><span class='ocrx_word' id='word_1_280' title='bbox 82 2108 157 2136; x_wconf 86' lang='lat' dir='ltr'><strong>nos</strong></span> <span class='ocrx_word' id='word_1_281' title='bbox 179 2099 437 2153; x_wconf 85' lang='lat' dir='ltr'><strong>contingent.</strong></span> <span class='ocrx_word' id='word_1_282' title='bbox 464 2103 506 2138; x_wconf 87' lang='lat' dir='ltr'><strong>et</strong></span> <span class='ocrx_word' id='word_1_283' title='bbox 524 2098 759 2140; x_wconf 86' lang='lat' dir='ltr'><strong>Conuentui</strong></span> <span class='ocrx_word' id='word_1_284' title='bbox 782 2099 833 2138; x_wconf 90' lang='lat' dir='ltr'><strong>de</strong></span> <span class='ocrx_word' id='word_1_285' title='bbox 859 2099 938 2138; x_wconf 91' lang='lat' dir='ltr'><strong>hiis</strong></span> <span class='ocrx_word' id='word_1_286' title='bbox 962 2099 1146 2138; x_wconf 88' lang='lat' dir='ltr'><strong>omnibus</strong></span> <span class='ocrx_word' id='word_1_287' title='bbox 1169 2100 1275 2137; x_wconf 89' lang='lat' dir='ltr'><strong>sicut</strong></span> <span class='ocrx_word' id='word_1_288' title='bbox 1295 2099 1423 2148; x_wconf 90' lang='lat' dir='ltr'><strong>ipsum</strong></span> <span class='ocrx_word' id='word_1_289' title='bbox 1446 2097 1695 2149; x_wconf 78' lang='lat' dir='ltr'><strong>contingunt</strong></span> <span class='ocrx_word' id='word_1_290' title='bbox 1719 2096 1771 2134; x_wconf 88' lang='lat' dir='ltr'><strong>ab</strong></span> <span class='ocrx_word' id='word_1_291' title='bbox 1792 2095 1922 2133; x_wconf 92' lang='lat' dir='ltr'><strong>homi-</strong></span> 
     </span>
     <span class='ocr_line' id='line_1_29' title="bbox 81 2162 1922 2219; baseline -0.001 -15"><span class='ocrx_word' id='word_1_292' title='bbox 81 2165 200 2205; x_wconf 86' lang='lat' dir='ltr'><strong>nibus</strong></span> <span class='ocrx_word' id='word_1_293' title='bbox 231 2168 317 2206; x_wconf 87' lang='lat' dir='ltr'><strong>suis</strong></span> <span class='ocrx_word' id='word_1_294' title='bbox 348 2166 524 2207; x_wconf 88' lang='lat' dir='ltr'><strong>fideliter</strong></span> <span class='ocrx_word' id='word_1_295' title='bbox 554 2168 839 2219; x_wconf 88' lang='lat' dir='ltr'><strong>respondebit.</strong></span> <span class='ocrx_word' id='word_1_296' title='bbox 885 2165 1096 2206; x_wconf 84' lang='lat' dir='ltr'><strong>Prefatum</strong></span> <span class='ocrx_word' id='word_1_297' title='bbox 1127 2168 1248 2206; x_wconf 86' lang='lat' dir='ltr'><strong>etiam</strong></span> <span class='ocrx_word' id='word_1_298' title='bbox 1280 2165 1579 2205; x_wconf 81' lang='lat' dir='ltr'><strong>Monasterium</strong></span> <span class='ocrx_word' id='word_1_299' title='bbox 1604 2168 1646 2203; x_wconf 88' lang='lat' dir='ltr'><strong>et</strong></span> <span class='ocrx_word' id='word_1_300' title='bbox 1678 2162 1922 2204; x_wconf 86' lang='lat' dir='ltr'><strong>Conuentus</strong></span> 
     </span>
     <span class='ocr_line' id='line_1_30' title="bbox 82 2231 1922 2288; baseline -0.001 -16"><span class='ocrx_word' id='word_1_301' title='bbox 82 2232 124 2272; x_wconf 84' lang='lat' dir='ltr'><strong>in</strong></span> <span class='ocrx_word' id='word_1_302' title='bbox 140 2232 298 2285; x_wconf 86' lang='lat' dir='ltr'><strong>Oppido</strong></span> <span class='ocrx_word' id='word_1_303' title='bbox 319 2236 536 2287; x_wconf 87' lang='lat' dir='ltr'><strong>sepedicto</strong></span> <span class='ocrx_word' id='word_1_304' title='bbox 554 2237 627 2275; x_wconf 90' lang='lat' dir='ltr'><strong>Ius</strong></span> <span class='ocrx_word' id='word_1_305' title='bbox 648 2240 889 2288; x_wconf 88' lang='lat' dir='ltr'><strong>patronatus</strong></span> <span class='ocrx_word' id='word_1_306' title='bbox 908 2234 1090 2273; x_wconf 89' lang='lat' dir='ltr'><strong>ecclesie</strong></span> <span class='ocrx_word' id='word_1_307' title='bbox 1108 2234 1362 2273; x_wconf 84' lang='lat' dir='ltr'><strong>obtinebunt.</strong></span> <span class='ocrx_word' id='word_1_308' title='bbox 1395 2233 1518 2272; x_wconf 87' lang='lat' dir='ltr'><strong>Hanc</strong></span> <span class='ocrx_word' id='word_1_309' title='bbox 1536 2233 1674 2283; x_wconf 89' lang='lat' dir='ltr'><strong>itaque</strong></span> <span class='ocrx_word' id='word_1_310' title='bbox 1694 2231 1922 2271; x_wconf 90' lang='lat' dir='ltr'><strong>ordinatio-</strong></span> 
     </span>
     <span class='ocr_line' id='line_1_31' title="bbox 83 2300 1923 2354; baseline -0.001 -15"><span class='ocrx_word' id='word_1_311' title='bbox 83 2311 173 2340; x_wconf 85' lang='lat' dir='ltr'><strong>nem</strong></span> <span class='ocrx_word' id='word_1_312' title='bbox 202 2314 278 2353; x_wconf 88' lang='lat' dir='ltr'><strong>per</strong></span> <span class='ocrx_word' id='word_1_313' title='bbox 309 2304 442 2343; x_wconf 87' lang='lat' dir='ltr'><strong>dictos</strong></span> <span class='ocrx_word' id='word_1_314' title='bbox 475 2303 621 2344; x_wconf 89' lang='lat' dir='ltr'><strong>fideles</strong></span> <span class='ocrx_word' id='word_1_315' title='bbox 645 2308 813 2344; x_wconf 86' lang='lat' dir='ltr'><strong>nostros</strong></span> <span class='ocrx_word' id='word_1_316' title='bbox 846 2303 898 2342; x_wconf 90' lang='lat' dir='ltr'><strong>de</strong></span> <span class='ocrx_word' id='word_1_317' title='bbox 922 2303 1112 2341; x_wconf 87' lang='lat' dir='ltr'><strong>mandato</strong></span> <span class='ocrx_word' id='word_1_318' title='bbox 1146 2306 1287 2341; x_wconf 87' lang='lat' dir='ltr'><strong>nostro</strong></span> <span class='ocrx_word' id='word_1_319' title='bbox 1316 2300 1479 2339; x_wconf 86' lang='lat' dir='ltr'><strong>factam.</strong></span> <span class='ocrx_word' id='word_1_320' title='bbox 1514 2304 1692 2354; x_wconf 80' lang='lat' dir='ltr'><strong>gratam.</strong></span> <span class='ocrx_word' id='word_1_321' title='bbox 1719 2303 1760 2338; x_wconf 91' lang='lat' dir='ltr'><strong>et</strong></span> <span class='ocrx_word' id='word_1_322' title='bbox 1792 2303 1923 2338; x_wconf 81' lang='lat' dir='ltr'><strong>ratam</strong></span> 
     </span>
     <span class='ocr_line' id='line_1_32' title="bbox 83 2366 1921 2422; baseline -0.001 -15"><span class='ocrx_word' id='word_1_323' title='bbox 83 2366 278 2410; x_wconf 86' lang='lat' dir='ltr'><strong>habemus</strong></span> <span class='ocrx_word' id='word_1_324' title='bbox 310 2376 353 2412; x_wconf 89' lang='lat' dir='ltr'><strong>et</strong></span> <span class='ocrx_word' id='word_1_325' title='bbox 377 2372 430 2412; x_wconf 86' lang='lat' dir='ltr'><strong>ad</strong></span> <span class='ocrx_word' id='word_1_326' title='bbox 463 2373 553 2412; x_wconf 86' lang='lat' dir='ltr'><strong>eius</strong></span> <span class='ocrx_word' id='word_1_327' title='bbox 575 2373 808 2412; x_wconf 86' lang='lat' dir='ltr'><strong>memoriam</strong></span> <span class='ocrx_word' id='word_1_328' title='bbox 833 2372 1121 2422; x_wconf 87' lang='lat' dir='ltr'><strong>sempiternam</strong></span> <span class='ocrx_word' id='word_1_329' title='bbox 1143 2374 1184 2409; x_wconf 91' lang='lat' dir='ltr'><strong>et</strong></span> <span class='ocrx_word' id='word_1_330' title='bbox 1206 2368 1430 2408; x_wconf 85' lang='lat' dir='ltr'><strong>firmitatem</strong></span> <span class='ocrx_word' id='word_1_331' title='bbox 1457 2372 1708 2419; x_wconf 85' lang='lat' dir='ltr'><strong>perpetuam.</strong></span> <span class='ocrx_word' id='word_1_332' title='bbox 1741 2379 1795 2406; x_wconf 87' lang='lat' dir='ltr'><strong>ne</strong></span> <span class='ocrx_word' id='word_1_333' title='bbox 1823 2379 1921 2418; x_wconf 89' lang='lat' dir='ltr'><strong>pro-</strong></span> 
     </span>
     <span class='ocr_line' id='line_1_33' title="bbox 83 2437 1922 2490; baseline -0.001 -15"><span class='ocrx_word' id='word_1_334' title='bbox 83 2446 208 2476; x_wconf 88' lang='lat' dir='ltr'><strong>cessu</strong></span> <span class='ocrx_word' id='word_1_335' title='bbox 231 2441 426 2490; x_wconf 88' lang='lat' dir='ltr'><strong>temporis</strong></span> <span class='ocrx_word' id='word_1_336' title='bbox 443 2441 550 2480; x_wconf 90' lang='lat' dir='ltr'><strong>ullus</strong></span> <span class='ocrx_word' id='word_1_337' title='bbox 570 2440 768 2480; x_wconf 90' lang='lat' dir='ltr'><strong>heredum</strong></span> <span class='ocrx_word' id='word_1_338' title='bbox 792 2439 861 2478; x_wconf 91' lang='lat' dir='ltr'><strong>uel</strong></span> <span class='ocrx_word' id='word_1_339' title='bbox 886 2450 1179 2478; x_wconf 84' lang='lat' dir='ltr'><strong>successorum</strong></span> <span class='ocrx_word' id='word_1_340' title='bbox 1205 2442 1435 2476; x_wconf 86' lang='lat' dir='ltr'><strong>nostrorum</strong></span> <span class='ocrx_word' id='word_1_341' title='bbox 1456 2441 1602 2475; x_wconf 80' lang='lat' dir='ltr'><strong>contra</strong></span> <span class='ocrx_word' id='word_1_342' title='bbox 1626 2437 1755 2486; x_wconf 85' lang='lat' dir='ltr'><strong>ipsam</strong></span> <span class='ocrx_word' id='word_1_343' title='bbox 1777 2437 1922 2475; x_wconf 92' lang='lat' dir='ltr'><strong>uenire</strong></span> 
     </span>
     <span class='ocr_line' id='line_1_34' title="bbox 84 2503 1922 2559; baseline -0.001 -16"><span class='ocrx_word' id='word_1_344' title='bbox 84 2503 234 2545; x_wconf 83' lang='lat' dir='ltr'><strong>debeat</strong></span> <span class='ocrx_word' id='word_1_345' title='bbox 272 2511 343 2547; x_wconf 81' lang='lat' dir='ltr'><strong>aut</strong></span> <span class='ocrx_word' id='word_1_346' title='bbox 380 2512 591 2559; x_wconf 87' lang='lat' dir='ltr'><strong>presumat</strong></span> <span class='ocrx_word' id='word_1_347' title='bbox 623 2519 800 2559; x_wconf 88' lang='lat' dir='ltr'><strong>presens</strong></span> <span class='ocrx_word' id='word_1_348' title='bbox 843 2506 1105 2559; x_wconf 80' lang='lat' dir='ltr'><strong>priuilegium</strong></span> <span class='ocrx_word' id='word_1_349' title='bbox 1147 2505 1243 2544; x_wconf 92' lang='lat' dir='ltr'><strong>inde</strong></span> <span class='ocrx_word' id='word_1_350' title='bbox 1276 2505 1483 2544; x_wconf 88' lang='lat' dir='ltr'><strong>conscribi</strong></span> <span class='ocrx_word' id='word_1_351' title='bbox 1524 2509 1565 2544; x_wconf 93' lang='lat' dir='ltr'><strong>et</strong></span> <span class='ocrx_word' id='word_1_352' title='bbox 1604 2505 1745 2558; x_wconf 80' lang='lat' dir='ltr'><strong>sigillo</strong></span> <span class='ocrx_word' id='word_1_353' title='bbox 1780 2508 1922 2543; x_wconf 88' lang='lat' dir='ltr'><strong>nostre</strong></span> 
     </span>
     <span class='ocr_line' id='line_1_35' title="bbox 84 2571 1921 2630; baseline 0.001 -20"><span class='ocrx_word' id='word_1_354' title='bbox 84 2571 350 2615; x_wconf 73' lang='lat' dir='ltr'><strong>celsitudinis,</strong></span> <span class='ocrx_word' id='word_1_355' title='bbox 391 2587 469 2616; x_wconf 86' lang='lat' dir='ltr'><strong>nec</strong></span> <span class='ocrx_word' id='word_1_356' title='bbox 511 2588 594 2616; x_wconf 91' lang='lat' dir='ltr'><strong>non</strong></span> <span class='ocrx_word' id='word_1_357' title='bbox 631 2575 785 2630; x_wconf 77' lang='lat' dir='ltr'><strong>Sigillo</strong></span> <span class='ocrx_word' id='word_1_358' title='bbox 832 2574 1087 2614; x_wconf 87' lang='lat' dir='ltr'><strong>venerabilis</strong></span> <span class='ocrx_word' id='word_1_359' title='bbox 1129 2575 1259 2625; x_wconf 85' lang='lat' dir='ltr'><strong>patris</strong></span> <span class='ocrx_word' id='word_1_360' title='bbox 1300 2573 1473 2624; x_wconf 88' lang='lat' dir='ltr'><strong>predicti</strong></span> <span class='ocrx_word' id='word_1_361' title='bbox 1515 2573 1662 2612; x_wconf 88' lang='lat' dir='ltr'><strong>domini</strong></span> <span class='ocrx_word' id='word_1_362' title='bbox 1710 2573 1921 2612; x_wconf 86' lang='lat' dir='ltr'><strong>Brvnonis</strong></span> 
     </span>
    </p>
   </div>
  </div>
 </body>
</html>
