2155 2928
1137 147 1170 187 S

1091 287 1209 327 XIII.

394 363 638 432 Jordanus.>
664 377 829 418 fratrum
859 378 1052 416 minorum
1079 376 1118 413 in
1147 373 1318 412 Polonia
1343 372 1540 425 vicarius7
1569 374 1705 411 notum
1732 369 1844 425 facit7
1872 373 2076 411 Tartaros

230 453 397 489 vastata
424 449 596 488 Polonia
618 449 699 499 jam
727 448 765 485 in
798 445 954 485 foribus
983 443 1183 483 Boemiae
1208 444 1250 479 et
1273 440 1547 481 Alemanniae
1572 450 1686 493 esse⁷
1712 443 1835 490 atque
1870 440 1909 478 in
1936 451 2077 479 eorum

231 528 448 557 occursum
480 527 629 569 regem
662 515 857 553 Boemiae
897 524 986 550 cum
1019 511 1207 549 exon-ritu
1247 520 1347 548 esse
1381 519 1619 561 egressum.
1681 506 1754 546 Dt.
1793 509 1835 546 in
1867 510 2076 547 conventu

230 585 475 638 Pringensi,
508 584 583 622 IV.
617 583 715 621 Idus
748 581 920 632 Aprilis7
960 578 1110 617 1241.

534 671 684 703 Ibidem
707 671 809 701 —in
832 668 1122 700 additamentis
1146 675 1179 707 p.
1204 663 1293 698 138.

1093 805 1215 845 XIV.

377 880 589 949 Epistola
621 896 672 935 ad
706 896 738 934 Ι.
769 895 911 934 ducem
946 894 1186 933 Barbaniae
1213 897 1254 933 et
1270 894 1483 935 Bononiae
1508 893 1560 934 de
1582 894 1860 934 Tartarorum
1883 893 2077 948 saevitia,

230 973 272 1008 et
304 967 356 1007 de
389 966 654 1017 expeditione
687 964 895 1003 adversus
928 962 1110 1002 eosdem.
1180 962 1333 1002 1241.

534 1052 696 1084 Ibidem.

1090 1111 1191 1151 XV.

376 1182 589 1252 Epistola
620 1198 789 1239 fratrum
828 1200 1024 1239 minorum
1055 1201 1184 1254 regni
1215 1200 1414 1239 Boemiae
1453 1199 1506 1239 ad
1537 1200 1590 1239 H.
1631 1199 1778 1239 ducem
1816 1199 2075 1240 Brabantiae

230 1270 282 1309 de
307 1270 483 1310 saevitia
509 1272 550 1308 et
575 1268 756 1307 moribus
792 1269 1082 1320 Tama-orum,
1116 1269 1184 1320 qui
1207 1272 1304 1308 ante
1338 1269 1631 1308 ascensionem
1657 1268 1804 1307 domini
1837 1269 2078 1308 ,um-aviam

229 1339 505 1378 intraverunt.
574 1335 726 1375 1241.

531 1425 691 1457 Ibidem
713 1443 756 1448 -
779 1434 811 1466 p.
836 1423 925 1456 139.

1093 1506 1216 1546 XVI.

375 1576 634 1647 Episcopus
667 1594 829 1647 quidam
869 1606 926 1635 ex
956 1594 1153 1649 Ungaria
1192 1596 1425 1635 Parisiensi
1466 1596 1664 1646 episcopo
1707 1594 1759 1635 de
1801 1595 2077 1635 Tan-tororum

230 1665 454 1715 irruptione
488 1668 529 1704 et
560 1664 741 1703 moribus
773 1664 932 1703 scribit.
1002 1664 1153 1703 1241.

532 1753 692 1785 Ibidem
713 1772 757 1777 —
779 1763 812 1795 p.
837 1751 952 1785 1128.

1078 1842 1220 1882 XVII.

382 1910 577 1971 Fratres
610 1929 926 1980 praedicatores
953 1933 995 1970 et
1017 1932 1198 1970 minores
1225 1932 1436 1970 universis
1460 1929 1659 1970 fratribus
1685 1931 1772 1970 suis
1800 1932 2078 1972 Tartaron-um

234 1996 273 2035 in
306 1996 552 2051 Ungariann
585 1998 793 2038 Poloniam
827 2003 868 2038 et
905 2000 1146 2039 Morsu-iam
1186 2000 1465 2053 irruptionem,
1505 2003 1547 2038 et
1587 2010 1694 2050 quae
1727 2004 1873 2039 contra
1906 2000 2075 2040 eosdem

233 2072 441 2120 parentur,
474 2063 696 2105 notificant.
765 2066 915 2106 1241.

535 2154 693 2187 Ibidem
716 2174 758 2180 —
780 2166 812 2197 p.
838 2154 952 2187 1130.

1070 2246 1234 2285 XVIII.

385 2311 647 2371 Fridericus
681 2333 902 2382 imperator
934 2334 986 2373 de
1022 2334 1215 2374 Tarlaris
1247 2335 1525 2389 Hungariam,
1558 2335 1771 2374 Poloniam
1803 2338 1845 2374 et
1875 2335 2077 2376 Boemiae

236 2394 339 2435 fines
371 2399 631 2437 vastantibus
665 2400 715 2437 ad
750 2412 897 2453 regem
930 2402 1118 2455 Angliae
1150 2404 1308 2442 scribit.
1366 2404 1435 2443 Dt.
1467 2405 1507 2442 in
1541 2403 1786 2443 recessione
1818 2407 1911 2454 post
1943 2403 2075 2454 depo-

238 2464 482 2514 pulationem
516 2466 763 2521 Fax-entiae,
799 2469 844 2507 3.
876 2470 990 2522 julii,
1029 2470 1184 2508 1241.

540 2545 708 2577 Ibidem.
