<?xml version="1.0" encoding="UTF-8"?>
<!DOCTYPE html PUBLIC "-//W3C//DTD XHTML 1.0 Transitional//EN"
    "http://www.w3.org/TR/xhtml1/DTD/xhtml1-transitional.dtd">
<html xmlns="http://www.w3.org/1999/xhtml" xml:lang="en" lang="en">
 <head>
  <title>
</title>
<meta http-equiv="Content-Type" content="text/html;charset=utf-8" />
  <meta name='ocr-system' content='tesseract 3.04.00' />
  <meta name='ocr-capabilities' content='ocr_page ocr_carea ocr_par ocr_line ocrx_word'/>
</head>
<body>
  <div class='ocr_page' id='page_1' title='image "./codexdiplomaticu03morauoft_0335.png"; bbox 0 0 2155 2928; ppageno 0'>
   <div class='ocr_carea' id='block_1_1' title="bbox 967 147 1069 188">
    <p class='ocr_par' dir='ltr' id='par_1_1' title="bbox 967 147 1069 188">
     <span class='ocr_line' id='line_1_1' title="bbox 967 147 1069 188; baseline 0.02 -2"><span class='ocrx_word' id='word_1_1' title='bbox 967 147 1069 188; x_wconf 75' lang='lat'>267</span> 
     </span>
    </p>
   </div>
   <div class='ocr_carea' id='block_1_2' title="bbox 95 286 1939 678">
    <p class='ocr_par' dir='ltr' id='par_1_2' title="bbox 95 286 1939 678">
     <span class='ocr_line' id='line_1_2' title="bbox 96 286 1937 338; baseline 0.001 -10"><span class='ocrx_word' id='word_1_2' title='bbox 96 286 293 328; x_wconf 88' lang='lat' dir='ltr'>secunda.</span> <span class='ocrx_word' id='word_1_3' title='bbox 354 286 465 325; x_wconf 84' lang='lat' dir='ltr'>Acta</span> <span class='ocrx_word' id='word_1_4' title='bbox 497 289 592 325; x_wconf 90' lang='lat' dir='ltr'>sunt</span> <span class='ocrx_word' id='word_1_5' title='bbox 623 286 703 326; x_wconf 85' lang='lat' dir='ltr'>heo</span> <span class='ocrx_word' id='word_1_6' title='bbox 736 298 874 326; x_wconf 86' lang='lat' dir='ltr'>coram</span> <span class='ocrx_word' id='word_1_7' title='bbox 905 287 1082 328; x_wconf 90' lang='lat' dir='ltr'>testibus</span> <span class='ocrx_word' id='word_1_8' title='bbox 1115 288 1358 326; x_wconf 79' lang='lat' dir='ltr'><strong>subnotatis.</strong></span> <span class='ocrx_word' id='word_1_9' title='bbox 1399 287 1574 326; x_wconf 89' lang='lat' dir='ltr'>Domino</span> <span class='ocrx_word' id='word_1_10' title='bbox 1606 288 1727 338; x_wconf 88' lang='lat' dir='ltr'>Lupo</span> <span class='ocrx_word' id='word_1_11' title='bbox 1761 289 1812 328; x_wconf 86' lang='lat' dir='ltr'>de</span> <span class='ocrx_word' id='word_1_12' title='bbox 1845 291 1937 329; x_wconf 86' lang='lat' dir='ltr'>Na-</span> 
     </span>
     <span class='ocr_line' id='line_1_3' title="bbox 95 353 1937 396; baseline 0.001 -2"><span class='ocrx_word' id='word_1_13' title='bbox 95 358 271 394; x_wconf 84' lang='lat' dir='ltr'>smeritz.</span> <span class='ocrx_word' id='word_1_14' title='bbox 304 353 478 392; x_wconf 86' lang='lat' dir='ltr'>Domino</span> <span class='ocrx_word' id='word_1_15' title='bbox 503 354 700 393; x_wconf 82' lang='lat' dir='ltr'>Ekhardo</span> <span class='ocrx_word' id='word_1_16' title='bbox 728 355 778 393; x_wconf 87' lang='lat' dir='ltr'>de</span> <span class='ocrx_word' id='word_1_17' title='bbox 804 356 1007 394; x_wconf 79' lang='lat' dir='ltr'>mii-slans.</span> <span class='ocrx_word' id='word_1_18' title='bbox 1032 356 1206 394; x_wconf 88' lang='lat' dir='ltr'>Domino</span> <span class='ocrx_word' id='word_1_19' title='bbox 1234 356 1424 394; x_wconf 88' lang='lat' dir='ltr'>Hartlibo</span> <span class='ocrx_word' id='word_1_20' title='bbox 1453 356 1504 394; x_wconf 92' lang='lat' dir='ltr'>de</span> <span class='ocrx_word' id='word_1_21' title='bbox 1529 356 1780 395; x_wconf 85' lang='lat' dir='ltr'>miselboritz</span> <span class='ocrx_word' id='word_1_22' title='bbox 1806 355 1937 396; x_wconf 82' lang='lat' dir='ltr'>fratre</span> 
     </span>
     <span class='ocr_line' id='line_1_4' title="bbox 95 422 1938 473; baseline 0.002 -11"><span class='ocrx_word' id='word_1_23' title='bbox 95 423 198 462; x_wconf 85' lang='lat' dir='ltr'>eius.</span> <span class='ocrx_word' id='word_1_24' title='bbox 237 422 411 460; x_wconf 88' lang='lat' dir='ltr'>Domino</span> <span class='ocrx_word' id='word_1_25' title='bbox 452 422 649 460; x_wconf 79' lang='lat' dir='ltr'>Ranciro.</span> <span class='ocrx_word' id='word_1_26' title='bbox 692 423 862 461; x_wconf 82' lang='lat' dir='ltr'>Domino</span> <span class='ocrx_word' id='word_1_27' title='bbox 903 424 1112 473; x_wconf 78' lang='lat' dir='ltr'>Zuzicray</span> <span class='ocrx_word' id='word_1_28' title='bbox 1153 424 1204 462; x_wconf 94' lang='lat' dir='ltr'>de</span> <span class='ocrx_word' id='word_1_29' title='bbox 1244 424 1444 462; x_wconf 72' lang='lat' dir='ltr'>Zeu-etitz.</span> <span class='ocrx_word' id='word_1_30' title='bbox 1486 424 1660 463; x_wconf 89' lang='lat' dir='ltr'>Domino</span> <span class='ocrx_word' id='word_1_31' title='bbox 1704 424 1854 464; x_wconf 84' lang='lat' dir='ltr'>Ottone</span> <span class='ocrx_word' id='word_1_32' title='bbox 1897 431 1938 465; x_wconf 88' lang='lat' dir='ltr'>et</span> 
     </span>
     <span class='ocr_line' id='line_1_5' title="bbox 95 488 1939 531; baseline 0.001 -2"><span class='ocrx_word' id='word_1_33' title='bbox 95 490 252 529; x_wconf 87' lang='lat' dir='ltr'>domino</span> <span class='ocrx_word' id='word_1_34' title='bbox 286 488 472 528; x_wconf 83' lang='lat' dir='ltr'>Ortilone</span> <span class='ocrx_word' id='word_1_35' title='bbox 506 488 714 528; x_wconf 84' lang='lat' dir='ltr'>fratribus.</span> <span class='ocrx_word' id='word_1_36' title='bbox 748 490 922 530; x_wconf 88' lang='lat' dir='ltr'>Domino</span> <span class='ocrx_word' id='word_1_37' title='bbox 956 492 1154 530; x_wconf 84' lang='lat' dir='ltr'>Heinrico</span> <span class='ocrx_word' id='word_1_38' title='bbox 1189 491 1240 530; x_wconf 89' lang='lat' dir='ltr'>de</span> <span class='ocrx_word' id='word_1_39' title='bbox 1273 491 1433 530; x_wconf 61' lang='lat' dir='ltr'>Tolum.</span> <span class='ocrx_word' id='word_1_40' title='bbox 1466 492 1641 530; x_wconf 87' lang='lat' dir='ltr'>Domino</span> <span class='ocrx_word' id='word_1_41' title='bbox 1674 493 1829 531; x_wconf 76' lang='lat' dir='ltr'>Alexio</span> <span class='ocrx_word' id='word_1_42' title='bbox 1863 504 1939 531; x_wconf 88' lang='lat' dir='ltr'>ca-</span> 
     </span>
     <span class='ocr_line' id='line_1_6' title="bbox 95 557 1935 610; baseline 0 -13"><span class='ocrx_word' id='word_1_43' title='bbox 95 558 241 597; x_wconf 88' lang='lat' dir='ltr'>nonico</span> <span class='ocrx_word' id='word_1_44' title='bbox 275 558 492 610; x_wconf 79' lang='lat' dir='ltr'>pragensi.</span> <span class='ocrx_word' id='word_1_45' title='bbox 532 557 706 595; x_wconf 89' lang='lat' dir='ltr'>Domino</span> <span class='ocrx_word' id='word_1_46' title='bbox 740 558 956 598; x_wconf 88' lang='lat' dir='ltr'>Friderico</span> <span class='ocrx_word' id='word_1_47' title='bbox 997 560 1250 610; x_wconf 85' lang='lat' dir='ltr'>prouinciali.</span> <span class='ocrx_word' id='word_1_48' title='bbox 1293 560 1467 599; x_wconf 88' lang='lat' dir='ltr'>Domino</span> <span class='ocrx_word' id='word_1_49' title='bbox 1504 561 1730 599; x_wconf 83' lang='lat' dir='ltr'>Hertwico.</span> <span class='ocrx_word' id='word_1_50' title='bbox 1769 565 1811 599; x_wconf 88' lang='lat' dir='ltr'>et</span> <span class='ocrx_word' id='word_1_51' title='bbox 1844 560 1935 599; x_wconf 83' lang='lat' dir='ltr'>aliis</span> 
     </span>
     <span class='ocr_line' id='line_1_7' title="bbox 97 625 1058 678; baseline 0.003 -14"><span class='ocrx_word' id='word_1_52' title='bbox 97 635 213 678; x_wconf 84' lang='lat' dir='ltr'>quam</span> <span class='ocrx_word' id='word_1_53' title='bbox 244 625 428 676; x_wconf 89' lang='lat' dir='ltr'>pluribus</span> <span class='ocrx_word' id='word_1_54' title='bbox 460 628 540 663; x_wconf 88' lang='lat' dir='ltr'>tam</span> <span class='ocrx_word' id='word_1_55' title='bbox 574 625 739 664; x_wconf 78' lang='lat' dir='ltr'>clericis</span> <span class='ocrx_word' id='word_1_56' title='bbox 774 638 892 677; x_wconf 88' lang='lat' dir='ltr'>quam</span> <span class='ocrx_word' id='word_1_57' title='bbox 924 627 1058 667; x_wconf 84' lang='lat' dir='ltr'>laicis.</span> 
     </span>
    </p>
   </div>
   <div class='ocr_carea' id='block_1_3' title="bbox 399 731 1936 813">
    <p class='ocr_par' dir='ltr' id='par_1_3' title="bbox 399 731 1936 813">
     <span class='ocr_line' id='line_1_8' title="bbox 399 731 1936 775; baseline 0.002 -13"><span class='ocrx_word' id='word_1_58' title='bbox 399 731 453 762; x_wconf 74' lang='lat' dir='ltr'>Ex</span> <span class='ocrx_word' id='word_1_59' title='bbox 477 731 668 771; x_wconf 82' lang='lat' dir='ltr'>originali</span> <span class='ocrx_word' id='word_1_60' title='bbox 692 741 762 762; x_wconf 89' lang='lat' dir='ltr'>cum</span> <span class='ocrx_word' id='word_1_61' title='bbox 781 734 874 763; x_wconf 88' lang='lat' dir='ltr'>unico</span> <span class='ocrx_word' id='word_1_62' title='bbox 888 733 994 774; x_wconf 81' lang='lat' dir='ltr'>sigillo</span> <span class='ocrx_word' id='word_1_63' title='bbox 1014 734 1184 775; x_wconf 79' lang='lat' dir='ltr'>hospitalis</span> <span class='ocrx_word' id='word_1_64' title='bbox 1203 734 1383 775; x_wconf 80' lang='lat' dir='ltr'>Pragensis</span> <span class='ocrx_word' id='word_1_65' title='bbox 1396 735 1574 775; x_wconf 85' lang='lat' dir='ltr'>superstite</span> <span class='ocrx_word' id='word_1_66' title='bbox 1593 736 1623 765; x_wconf 92' lang='lat' dir='ltr'>in</span> <span class='ocrx_word' id='word_1_67' title='bbox 1642 734 1732 767; x_wconf 83' lang='lat' dir='ltr'>arch.</span> <span class='ocrx_word' id='word_1_68' title='bbox 1755 733 1936 775; x_wconf 88' lang='lat' dir='ltr'>ejusdem</span> 
     </span>
     <span class='ocr_line' id='line_1_9' title="bbox 501 783 698 813; baseline 0.005 -1"><span class='ocrx_word' id='word_1_69' title='bbox 501 783 698 813; x_wconf 83' lang='lat' dir='ltr'>monasterii.</span> 
     </span>
    </p>
   </div>
   <div class='ocr_carea' id='block_1_4' title="bbox 875 946 1157 989">
    <p class='ocr_par' dir='ltr' id='par_1_4' title="bbox 875 946 1157 989">
     <span class='ocr_line' id='line_1_10' title="bbox 875 946 1157 989; baseline 0 -1"><span class='ocrx_word' id='word_1_70' title='bbox 875 946 1157 989; x_wconf 67' lang='lat' dir='ltr'>CCLxxx&#39;l.</span> 
     </span>
    </p>
   </div>
   <div class='ocr_carea' id='block_1_5' title="bbox 93 1055 1930 1245">
    <p class='ocr_par' dir='ltr' id='par_1_5' title="bbox 93 1055 1930 1245">
     <span class='ocr_line' id='line_1_11' title="bbox 93 1055 1930 1110; baseline 0.001 -14"><span class='ocrx_word' id='word_1_71' title='bbox 93 1055 262 1107; x_wconf 60' lang='lat' dir='ltr'>Brimo,</span> <span class='ocrx_word' id='word_1_72' title='bbox 307 1057 527 1108; x_wconf 78' lang='lat' dir='ltr'>episcopus</span> <span class='ocrx_word' id='word_1_73' title='bbox 577 1056 888 1107; x_wconf 76' lang='lat' dir='ltr'>olomucensis,</span> <span class='ocrx_word' id='word_1_74' title='bbox 937 1058 1155 1110; x_wconf 76' lang='lat' dir='ltr'>confirmat</span> <span class='ocrx_word' id='word_1_75' title='bbox 1193 1059 1395 1097; x_wconf 77' lang='lat' dir='ltr'>ecclesiae</span> <span class='ocrx_word' id='word_1_76' title='bbox 1443 1059 1710 1098; x_wconf 79' lang='lat' dir='ltr'>Olomucensz·</span> <span class='ocrx_word' id='word_1_77' title='bbox 1753 1060 1930 1110; x_wconf 71' lang='lat' dir='ltr'>quinque</span> 
     </span>
     <span class='ocr_line' id='line_1_12' title="bbox 134 1125 1879 1177; baseline 0.001 -13"><span class='ocrx_word' id='word_1_78' title='bbox 134 1136 302 1164; x_wconf 78' lang='lat' dir='ltr'>mansos</span> <span class='ocrx_word' id='word_1_79' title='bbox 335 1126 378 1163; x_wconf 76' lang='lat' dir='ltr'>in</span> <span class='ocrx_word' id='word_1_80' title='bbox 411 1125 633 1175; x_wconf 66' lang='lat' dir='ltr'>Krdmany</span> <span class='ocrx_word' id='word_1_81' title='bbox 666 1125 824 1175; x_wconf 64' lang='lat' dir='ltr'>[effatos</span> <span class='ocrx_word' id='word_1_82' title='bbox 857 1126 900 1164; x_wconf 79' lang='lat' dir='ltr'>in</span> <span class='ocrx_word' id='word_1_83' title='bbox 933 1126 1163 1164; x_wconf 72' lang='lat' dir='ltr'>remedium</span> <span class='ocrx_word' id='word_1_84' title='bbox 1196 1128 1358 1164; x_wconf 78' lang='lat' dir='ltr'>‹tne&#39;mae</span> <span class='ocrx_word' id='word_1_85' title='bbox 1390 1126 1643 1177; x_wconf 59' lang='lat' dir='ltr'>,naz-quarm·</span> <span class='ocrx_word' id='word_1_86' title='bbox 1675 1128 1879 1166; x_wconf 70' lang='lat' dir='ltr'>canonici.</span> 
     </span>
     <span class='ocr_line' id='line_1_13' title="bbox 543 1191 1473 1245; baseline 0 -13"><span class='ocrx_word' id='word_1_87' title='bbox 543 1191 633 1232; x_wconf 72' lang='lat' dir='ltr'>Act.</span> <span class='ocrx_word' id='word_1_88' title='bbox 672 1192 893 1243; x_wconf 78' lang='grc' dir='ltr'><strong><em>Οἰοηιιιείἱ,</em></strong></span> <span class='ocrx_word' id='word_1_89' title='bbox 928 1193 1074 1232; x_wconf 72' lang='lat' dir='ltr'>Idibus</span> <span class='ocrx_word' id='word_1_90' title='bbox 1110 1195 1284 1245; x_wconf 69' lang='lat' dir='ltr'>Aprilis,</span> <span class='ocrx_word' id='word_1_91' title='bbox 1326 1193 1473 1233; x_wconf 73' lang='lat'><strong>1259.</strong></span> 
     </span>
    </p>
   </div>
   <div class='ocr_carea' id='block_1_6' title="bbox 93 1284 1939 2507">
    <p class='ocr_par' dir='ltr' id='par_1_6' title="bbox 93 1284 1939 2507">
     <span class='ocr_line' id='line_1_14' title="bbox 237 1284 1936 1356; baseline 0 -13"><span class='ocrx_word' id='word_1_92' title='bbox 237 1284 415 1355; x_wconf 69' lang='lat' dir='ltr'>ano,</span> <span class='ocrx_word' id='word_1_93' title='bbox 449 1301 515 1340; x_wconf 88' lang='lat' dir='ltr'>dei</span> <span class='ocrx_word' id='word_1_94' title='bbox 547 1303 689 1356; x_wconf 83' lang='lat' dir='ltr'>gratia</span> <span class='ocrx_word' id='word_1_95' title='bbox 717 1301 1003 1342; x_wconf 88' lang='lat' dir='ltr'>Olomucensis</span> <span class='ocrx_word' id='word_1_96' title='bbox 1032 1303 1280 1353; x_wconf 80' lang='lat' dir='ltr'>Episcopus.</span> <span class='ocrx_word' id='word_1_97' title='bbox 1331 1302 1525 1342; x_wconf 87' lang='lat' dir='ltr'>Omnibus</span> <span class='ocrx_word' id='word_1_98' title='bbox 1559 1301 1714 1343; x_wconf 87' lang='lat' dir='ltr'>Christi</span> <span class='ocrx_word' id='word_1_99' title='bbox 1748 1302 1936 1343; x_wconf 88' lang='lat' dir='ltr'>fidelibus</span> 
     </span>
     <span class='ocr_line' id='line_1_15' title="bbox 93 1369 1935 1423; baseline 0.001 -14"><span class='ocrx_word' id='word_1_100' title='bbox 93 1369 200 1410; x_wconf 82' lang='lat' dir='ltr'>hanc</span> <span class='ocrx_word' id='word_1_101' title='bbox 232 1370 405 1409; x_wconf 72' lang='lat' dir='ltr'>litteram</span> <span class='ocrx_word' id='word_1_102' title='bbox 444 1371 710 1423; x_wconf 76' lang='lat' dir='ltr'>inspecturis⁷</span> <span class='ocrx_word' id='word_1_103' title='bbox 745 1375 931 1409; x_wconf 86' lang='lat' dir='ltr'>eternam</span> <span class='ocrx_word' id='word_1_104' title='bbox 974 1372 1012 1409; x_wconf 91' lang='lat' dir='ltr'>in</span> <span class='ocrx_word' id='word_1_105' title='bbox 1047 1371 1205 1409; x_wconf 85' lang='lat' dir='ltr'>domino</span> <span class='ocrx_word' id='word_1_106' title='bbox 1239 1371 1424 1409; x_wconf 81' lang='lat' dir='ltr'>salutem.</span> <span class='ocrx_word' id='word_1_107' title='bbox 1488 1370 1580 1419; x_wconf 84' lang='lat' dir='ltr'>Que</span> <span class='ocrx_word' id='word_1_108' title='bbox 1613 1371 1663 1410; x_wconf 86' lang='lat' dir='ltr'>ad</span> <span class='ocrx_word' id='word_1_109' title='bbox 1699 1372 1821 1410; x_wconf 89' lang='lat' dir='ltr'>diuini</span> <span class='ocrx_word' id='word_1_110' title='bbox 1857 1384 1935 1411; x_wconf 92' lang='lat' dir='ltr'>no-</span> 
     </span>
     <span class='ocr_line' id='line_1_16' title="bbox 93 1438 1937 1490; baseline 0.001 -13"><span class='ocrx_word' id='word_1_111' title='bbox 93 1439 208 1478; x_wconf 84' lang='lat' dir='ltr'>minis</span> <span class='ocrx_word' id='word_1_112' title='bbox 240 1438 388 1476; x_wconf 89' lang='lat' dir='ltr'>cultum</span> <span class='ocrx_word' id='word_1_113' title='bbox 428 1442 469 1476; x_wconf 90' lang='lat' dir='ltr'>et</span> <span class='ocrx_word' id='word_1_114' title='bbox 501 1438 712 1490; x_wconf 75' lang='lat' dir='ltr'>honorem7</span> <span class='ocrx_word' id='word_1_115' title='bbox 753 1450 803 1477; x_wconf 85' lang='lat' dir='ltr'>ac</span> <span class='ocrx_word' id='word_1_116' title='bbox 838 1440 1059 1477; x_wconf 87' lang='lat' dir='ltr'>animarum</span> <span class='ocrx_word' id='word_1_117' title='bbox 1101 1440 1271 1477; x_wconf 83' lang='lat' dir='ltr'>salutem</span> <span class='ocrx_word' id='word_1_118' title='bbox 1307 1440 1371 1489; x_wconf 84' lang='lat' dir='ltr'>pie</span> <span class='ocrx_word' id='word_1_119' title='bbox 1413 1450 1462 1477; x_wconf 85' lang='lat' dir='ltr'>ac</span> <span class='ocrx_word' id='word_1_120' title='bbox 1505 1439 1679 1488; x_wconf 85' lang='lat' dir='ltr'>provide</span> <span class='ocrx_word' id='word_1_121' title='bbox 1718 1440 1758 1478; x_wconf 87' lang='lat' dir='ltr'>in</span> <span class='ocrx_word' id='word_1_122' title='bbox 1793 1445 1937 1479; x_wconf 86' lang='lat' dir='ltr'>nostra</span> 
     </span>
     <span class='ocr_line' id='line_1_17' title="bbox 95 1505 1936 1558; baseline 0.001 -14"><span class='ocrx_word' id='word_1_123' title='bbox 95 1505 248 1545; x_wconf 83' lang='lat' dir='ltr'>diocesi</span> <span class='ocrx_word' id='word_1_124' title='bbox 281 1510 529 1558; x_wconf 71' lang='lat' dir='ltr'>statuuntur,</span> <span class='ocrx_word' id='word_1_125' title='bbox 558 1506 636 1544; x_wconf 90' lang='lat' dir='ltr'>hiis</span> <span class='ocrx_word' id='word_1_126' title='bbox 669 1508 812 1544; x_wconf 89' lang='lat' dir='ltr'>merito</span> <span class='ocrx_word' id='word_1_127' title='bbox 838 1517 893 1545; x_wconf 86' lang='lat' dir='ltr'>ex</span> <span class='ocrx_word' id='word_1_128' title='bbox 927 1506 1045 1545; x_wconf 73' lang='lat' dir='ltr'>oflicii</span> <span class='ocrx_word' id='word_1_129' title='bbox 1074 1509 1201 1545; x_wconf 85' lang='lat' dir='ltr'>nostri</span> <span class='ocrx_word' id='word_1_130' title='bbox 1236 1507 1372 1545; x_wconf 87' lang='lat' dir='ltr'>debito</span> <span class='ocrx_word' id='word_1_131' title='bbox 1398 1512 1583 1545; x_wconf 83' lang='lat' dir='ltr'>tenemur</span> <span class='ocrx_word' id='word_1_132' title='bbox 1616 1508 1743 1546; x_wconf 90' lang='lat' dir='ltr'>robur</span> <span class='ocrx_word' id='word_1_133' title='bbox 1766 1508 1936 1546; x_wconf 83' lang='lat' dir='ltr'>adicere</span> 
     </span>
     <span class='ocr_line' id='line_1_18' title="bbox 94 1571 1936 1626; baseline 0.001 -14"><span class='ocrx_word' id='word_1_134' title='bbox 94 1571 304 1626; x_wconf 71' lang='lat' dir='ltr'>firmitatis,</span> <span class='ocrx_word' id='word_1_135' title='bbox 343 1581 389 1612; x_wconf 83' lang='lat' dir='ltr'>vt</span> <span class='ocrx_word' id='word_1_136' title='bbox 427 1573 577 1612; x_wconf 90' lang='lat' dir='ltr'>nullius</span> <span class='ocrx_word' id='word_1_137' title='bbox 619 1575 682 1613; x_wconf 89' lang='lat' dir='ltr'>eis</span> <span class='ocrx_word' id='word_1_138' title='bbox 716 1576 845 1624; x_wconf 87' lang='lat' dir='ltr'>possit</span> <span class='ocrx_word' id='word_1_139' title='bbox 885 1575 1150 1614; x_wconf 87' lang='lat' dir='ltr'>aduersitatis</span> <span class='ocrx_word' id='word_1_140' title='bbox 1192 1575 1346 1613; x_wconf 80' lang='lat' dir='ltr'>obesse</span> <span class='ocrx_word' id='word_1_141' title='bbox 1387 1575 1629 1626; x_wconf 61' lang='lat' dir='ltr'>calumpnia7</span> <span class='ocrx_word' id='word_1_142' title='bbox 1669 1586 1758 1613; x_wconf 88' lang='lat' dir='ltr'>cum</span> <span class='ocrx_word' id='word_1_143' title='bbox 1798 1575 1936 1614; x_wconf 89' lang='lat' dir='ltr'>debite</span> 
     </span>
     <span class='ocr_line' id='line_1_19' title="bbox 93 1641 1938 1695; baseline 0.001 -15"><span class='ocrx_word' id='word_1_144' title='bbox 93 1642 336 1681; x_wconf 82' lang='lat' dir='ltr'>munimento</span> <span class='ocrx_word' id='word_1_145' title='bbox 363 1641 622 1680; x_wconf 83' lang='lat' dir='ltr'>rectitudinis</span> <span class='ocrx_word' id='word_1_146' title='bbox 648 1647 743 1680; x_wconf 89' lang='lat' dir='ltr'>sunt</span> <span class='ocrx_word' id='word_1_147' title='bbox 773 1641 947 1681; x_wconf 81' lang='lat' dir='ltr'>suffulta.</span> <span class='ocrx_word' id='word_1_148' title='bbox 998 1641 1099 1682; x_wconf 82' lang='lat' dir='ltr'>Cum</span> <span class='ocrx_word' id='word_1_149' title='bbox 1126 1643 1254 1695; x_wconf 79' lang='lat' dir='ltr'>igitur</span> <span class='ocrx_word' id='word_1_150' title='bbox 1279 1643 1424 1681; x_wconf 88' lang='lat' dir='ltr'>nobilis</span> <span class='ocrx_word' id='word_1_151' title='bbox 1451 1644 1516 1680; x_wconf 88' lang='lat' dir='ltr'>vir</span> <span class='ocrx_word' id='word_1_152' title='bbox 1540 1642 1725 1681; x_wconf 86' lang='lat' dir='ltr'>dominus</span> <span class='ocrx_word' id='word_1_153' title='bbox 1752 1644 1938 1694; x_wconf 80' lang='lat' dir='ltr'>Beneda,</span> 
     </span>
     <span class='ocr_line' id='line_1_20' title="bbox 95 1709 1938 1761; baseline 0.001 -13"><span class='ocrx_word' id='word_1_154' title='bbox 95 1709 146 1748; x_wconf 79' lang='lat' dir='ltr'>ad</span> <span class='ocrx_word' id='word_1_155' title='bbox 178 1709 373 1749; x_wconf 87' lang='lat' dir='ltr'>honorem</span> <span class='ocrx_word' id='word_1_156' title='bbox 407 1709 472 1749; x_wconf 86' lang='lat' dir='ltr'>dei</span> <span class='ocrx_word' id='word_1_157' title='bbox 506 1715 547 1749; x_wconf 86' lang='lat' dir='ltr'>et</span> <span class='ocrx_word' id='word_1_158' title='bbox 579 1722 654 1761; x_wconf 90' lang='lat' dir='ltr'>pro</span> <span class='ocrx_word' id='word_1_159' title='bbox 689 1711 869 1749; x_wconf 89' lang='lat' dir='ltr'>remedio</span> <span class='ocrx_word' id='word_1_160' title='bbox 904 1712 1183 1761; x_wconf 82' lang='lat' dir='ltr'>peccaminum</span> <span class='ocrx_word' id='word_1_161' title='bbox 1225 1711 1330 1749; x_wconf 87' lang='lat' dir='ltr'>bone</span> <span class='ocrx_word' id='word_1_162' title='bbox 1363 1711 1556 1749; x_wconf 84' lang='lat' dir='ltr'>memorie</span> <span class='ocrx_word' id='word_1_163' title='bbox 1588 1711 1836 1761; x_wconf 79' lang='lat' dir='ltr'>Marquardi</span> <span class='ocrx_word' id='word_1_164' title='bbox 1871 1710 1938 1750; x_wconf 86' lang='lat' dir='ltr'>filii</span> 
     </span>
     <span class='ocr_line' id='line_1_21' title="bbox 95 1778 1937 1831; baseline 0.001 -15"><span class='ocrx_word' id='word_1_165' title='bbox 95 1778 157 1816; x_wconf 82' lang='lat' dir='ltr'>sui</span> <span class='ocrx_word' id='word_1_166' title='bbox 190 1778 279 1816; x_wconf 87' lang='lat' dir='ltr'>olim</span> <span class='ocrx_word' id='word_1_167' title='bbox 312 1778 495 1817; x_wconf 85' lang='lat' dir='ltr'>ecclesie</span> <span class='ocrx_word' id='word_1_168' title='bbox 528 1784 671 1817; x_wconf 90' lang='lat' dir='ltr'>nostre</span> <span class='ocrx_word' id='word_1_169' title='bbox 705 1780 911 1831; x_wconf 70' lang='lat' dir='ltr'>canonici,</span> <span class='ocrx_word' id='word_1_170' title='bbox 945 1780 1124 1830; x_wconf 88' lang='lat' dir='ltr'>quinque</span> <span class='ocrx_word' id='word_1_171' title='bbox 1158 1790 1322 1817; x_wconf 89' lang='lat' dir='ltr'>mansos</span> <span class='ocrx_word' id='word_1_172' title='bbox 1356 1779 1395 1816; x_wconf 89' lang='grc'>111</span> <span class='ocrx_word' id='word_1_173' title='bbox 1429 1778 1523 1816; x_wconf 79' lang='lat' dir='ltr'>villa</span> <span class='ocrx_word' id='word_1_174' title='bbox 1558 1790 1633 1816; x_wconf 85' lang='lat' dir='ltr'>sua</span> <span class='ocrx_word' id='word_1_175' title='bbox 1669 1778 1937 1830; x_wconf 76' lang='lat' dir='ltr'>Crikzemcm,</span> 
     </span>
     <span class='ocr_line' id='line_1_22' title="bbox 95 1846 1938 1899; baseline 0.001 -15"><span class='ocrx_word' id='word_1_176' title='bbox 95 1856 182 1885; x_wconf 85' lang='lat' dir='ltr'>cum</span> <span class='ocrx_word' id='word_1_177' title='bbox 215 1846 399 1885; x_wconf 89' lang='lat' dir='ltr'>omnibus</span> <span class='ocrx_word' id='word_1_178' title='bbox 437 1848 525 1885; x_wconf 89' lang='lat' dir='ltr'>suis</span> <span class='ocrx_word' id='word_1_179' title='bbox 557 1848 765 1899; x_wconf 69' lang='lat' dir='ltr'>seruiciis,</span> <span class='ocrx_word' id='word_1_180' title='bbox 807 1848 1078 1897; x_wconf 86' lang='lat' dir='ltr'>prouentibus</span> <span class='ocrx_word' id='word_1_181' title='bbox 1113 1852 1153 1885; x_wconf 91' lang='lat' dir='ltr'>et</span> <span class='ocrx_word' id='word_1_182' title='bbox 1187 1847 1413 1885; x_wconf 78' lang='lat' dir='ltr'>attinentiis</span> <span class='ocrx_word' id='word_1_183' title='bbox 1454 1846 1635 1884; x_wconf 84' lang='lat' dir='ltr'>ecclesie</span> <span class='ocrx_word' id='word_1_184' title='bbox 1670 1851 1826 1899; x_wconf 69' lang='lat' dir='ltr'>nostre,</span> <span class='ocrx_word' id='word_1_185' title='bbox 1861 1846 1938 1885; x_wconf 93' lang='lat' dir='ltr'>du-</span> 
     </span>
     <span class='ocr_line' id='line_1_23' title="bbox 93 1912 1939 1967; baseline 0.001 -16"><span class='ocrx_word' id='word_1_186' title='bbox 93 1914 202 1952; x_wconf 85' lang='lat' dir='ltr'>xerit</span> <span class='ocrx_word' id='word_1_187' title='bbox 233 1912 524 1967; x_wconf 78' lang='lat' dir='ltr'>conferendos7</span> <span class='ocrx_word' id='word_1_188' title='bbox 565 1920 713 1965; x_wconf 89' lang='lat' dir='ltr'>petens</span> <span class='ocrx_word' id='word_1_189' title='bbox 746 1920 787 1954; x_wconf 87' lang='lat' dir='ltr'>et</span> <span class='ocrx_word' id='word_1_190' title='bbox 820 1920 1021 1967; x_wconf 68' lang='lat' dir='ltr'>statuens,</span> <span class='ocrx_word' id='word_1_191' title='bbox 1062 1914 1167 1965; x_wconf 87' lang='lat' dir='ltr'>quod</span> <span class='ocrx_word' id='word_1_192' title='bbox 1203 1916 1241 1952; x_wconf 88' lang='lat' dir='ltr'>in</span> <span class='ocrx_word' id='word_1_193' title='bbox 1276 1914 1457 1965; x_wconf 74' lang='lat' dir='ltr'>qualibet</span> <span class='ocrx_word' id='word_1_194' title='bbox 1496 1913 1724 1951; x_wconf 82' lang='lat' dir='ltr'>ebdomada</span> <span class='ocrx_word' id='word_1_195' title='bbox 1757 1914 1939 1967; x_wconf 76' lang='lat' dir='ltr'>singulis</span> 
     </span>
     <span class='ocr_line' id='line_1_24' title="bbox 95 1981 1938 2035; baseline 0 -16"><span class='ocrx_word' id='word_1_196' title='bbox 95 1981 214 2019; x_wconf 80' lang='lat' dir='ltr'>annis</span> <span class='ocrx_word' id='word_1_197' title='bbox 253 1985 293 2020; x_wconf 90' lang='lat' dir='ltr'>et</span> <span class='ocrx_word' id='word_1_198' title='bbox 332 1993 408 2032; x_wconf 90' lang='lat' dir='ltr'>per</span> <span class='ocrx_word' id='word_1_199' title='bbox 448 1983 642 2022; x_wconf 85' lang='lat' dir='ltr'>circulum</span> <span class='ocrx_word' id='word_1_200' title='bbox 683 1985 780 2022; x_wconf 87' lang='lat' dir='ltr'>anni</span> <span class='ocrx_word' id='word_1_201' title='bbox 820 1983 1040 2022; x_wconf 88' lang='lat' dir='ltr'>cuiuslibet</span> <span class='ocrx_word' id='word_1_202' title='bbox 1081 1987 1304 2032; x_wconf 86' lang='lat' dir='ltr'>perpetuus</span> <span class='ocrx_word' id='word_1_203' title='bbox 1339 1981 1521 2020; x_wconf 85' lang='lat' dir='ltr'>ecclesie</span> <span class='ocrx_word' id='word_1_204' title='bbox 1563 1986 1706 2020; x_wconf 88' lang='lat' dir='ltr'>nostre</span> <span class='ocrx_word' id='word_1_205' title='bbox 1740 1983 1938 2035; x_wconf 76' lang='lat' dir='ltr'>vicarius,</span> 
     </span>
     <span class='ocr_line' id='line_1_25' title="bbox 96 2049 1938 2102; baseline 0.001 -15"><span class='ocrx_word' id='word_1_206' title='bbox 96 2049 335 2101; x_wconf 80' lang='lat' dir='ltr'>quicumque</span> <span class='ocrx_word' id='word_1_207' title='bbox 368 2062 441 2100; x_wconf 87' lang='lat' dir='ltr'>pro</span> <span class='ocrx_word' id='word_1_208' title='bbox 469 2054 653 2100; x_wconf 88' lang='lat' dir='ltr'>tempore</span> <span class='ocrx_word' id='word_1_209' title='bbox 686 2062 852 2090; x_wconf 86' lang='lat' dir='ltr'>mansos</span> <span class='ocrx_word' id='word_1_210' title='bbox 879 2050 1046 2089; x_wconf 87' lang='lat' dir='ltr'>eosdem</span> <span class='ocrx_word' id='word_1_211' title='bbox 1079 2051 1270 2102; x_wconf 76' lang='lat' dir='ltr'>tenuerit,</span> <span class='ocrx_word' id='word_1_212' title='bbox 1306 2049 1356 2088; x_wconf 88' lang='lat' dir='ltr'>ad</span> <span class='ocrx_word' id='word_1_213' title='bbox 1387 2050 1516 2087; x_wconf 89' lang='lat' dir='ltr'>minus</span> <span class='ocrx_word' id='word_1_214' title='bbox 1550 2049 1654 2087; x_wconf 89' lang='lat' dir='ltr'>duas</span> <span class='ocrx_word' id='word_1_215' title='bbox 1681 2050 1830 2088; x_wconf 88' lang='lat' dir='ltr'>missas</span> <span class='ocrx_word' id='word_1_216' title='bbox 1863 2061 1938 2099; x_wconf 89' lang='lat' dir='ltr'>pro</span> 
     </span>
     <span class='ocr_line' id='line_1_26' title="bbox 96 2114 1938 2170; baseline 0.001 -16"><span class='ocrx_word' id='word_1_217' title='bbox 96 2114 311 2170; x_wconf 73' lang='lat' dir='ltr'>defunctis,</span> <span class='ocrx_word' id='word_1_218' title='bbox 345 2122 386 2156; x_wconf 94' lang='lat' dir='ltr'>et</span> <span class='ocrx_word' id='word_1_219' title='bbox 409 2130 531 2156; x_wconf 84' lang='lat' dir='ltr'>vnam</span> <span class='ocrx_word' id='word_1_220' title='bbox 564 2119 604 2157; x_wconf 91' lang='lat' dir='ltr'>in</span> <span class='ocrx_word' id='word_1_221' title='bbox 630 2119 789 2157; x_wconf 85' lang='lat' dir='ltr'>honore</span> <span class='ocrx_word' id='word_1_222' title='bbox 821 2119 945 2156; x_wconf 87' lang='lat' dir='ltr'>beate</span> <span class='ocrx_word' id='word_1_223' title='bbox 979 2118 1118 2156; x_wconf 71' lang='lat' dir='ltr'>Man-ie</span> <span class='ocrx_word' id='word_1_224' title='bbox 1152 2118 1348 2170; x_wconf 65' lang='lat' dir='ltr'>virginis,</span> <span class='ocrx_word' id='word_1_225' title='bbox 1381 2118 1519 2155; x_wconf 89' lang='lat' dir='ltr'>matris</span> <span class='ocrx_word' id='word_1_226' title='bbox 1553 2117 1699 2155; x_wconf 90' lang='lat' dir='ltr'>domini</span> <span class='ocrx_word' id='word_1_227' title='bbox 1733 2117 1938 2170; x_wconf 73' lang='lat' dir='ltr'>gloriose,</span> 
     </span>
     <span class='ocr_line' id='line_1_27' title="bbox 96 2182 1938 2237; baseline 0.002 -16"><span class='ocrx_word' id='word_1_228' title='bbox 96 2182 241 2223; x_wconf 86' lang='lat' dir='ltr'>diebus</span> <span class='ocrx_word' id='word_1_229' title='bbox 264 2186 411 2236; x_wconf 92' lang='lat' dir='ltr'>quibus</span> <span class='ocrx_word' id='word_1_230' title='bbox 437 2186 613 2225; x_wconf 86' lang='lat' dir='ltr'>licenter</span> <span class='ocrx_word' id='word_1_231' title='bbox 637 2191 775 2237; x_wconf 89' lang='lat' dir='ltr'>potest</span> <span class='ocrx_word' id='word_1_232' title='bbox 800 2185 886 2225; x_wconf 91' lang='lat' dir='ltr'>fieri</span> <span class='ocrx_word' id='word_1_233' title='bbox 907 2186 1059 2225; x_wconf 88' lang='lat' dir='ltr'>debeat</span> <span class='ocrx_word' id='word_1_234' title='bbox 1085 2186 1318 2223; x_wconf 84' lang='lat' dir='ltr'>celebrare.</span> <span class='ocrx_word' id='word_1_235' title='bbox 1337 2185 1515 2223; x_wconf 84' lang='lat' dir='ltr'>debitum</span> <span class='ocrx_word' id='word_1_236' title='bbox 1541 2185 1579 2222; x_wconf 90' lang='grc'>111</span> <span class='ocrx_word' id='word_1_237' title='bbox 1598 2184 1727 2223; x_wconf 89' lang='lat' dir='ltr'>choro</span> <span class='ocrx_word' id='word_1_238' title='bbox 1755 2186 1938 2224; x_wconf 81' lang='lat' dir='ltr'>ecclesie</span> 
     </span>
     <span class='ocr_line' id='line_1_28' title="bbox 96 2252 1938 2305; baseline 0.001 -16"><span class='ocrx_word' id='word_1_239' title='bbox 96 2256 235 2291; x_wconf 85' lang='lat' dir='ltr'>nostre</span> <span class='ocrx_word' id='word_1_240' title='bbox 268 2254 413 2292; x_wconf 87' lang='lat' dir='ltr'>vicarii</span> <span class='ocrx_word' id='word_1_241' title='bbox 447 2256 608 2294; x_wconf 86' lang='lat' dir='ltr'>nomine</span> <span class='ocrx_word' id='word_1_242' title='bbox 651 2256 890 2305; x_wconf 84' lang='lat' dir='ltr'>obsequium</span> <span class='ocrx_word' id='word_1_243' title='bbox 924 2253 1208 2292; x_wconf 87' lang='lat' dir='ltr'>nichilominus</span> <span class='ocrx_word' id='word_1_244' title='bbox 1249 2253 1510 2302; x_wconf 89' lang='lat' dir='ltr'>prestiturus.</span> <span class='ocrx_word' id='word_1_245' title='bbox 1573 2252 1662 2290; x_wconf 89' lang='lat' dir='ltr'>Nos</span> <span class='ocrx_word' id='word_1_246' title='bbox 1697 2253 1800 2302; x_wconf 88' lang='lat' dir='ltr'>pium</span> <span class='ocrx_word' id='word_1_247' title='bbox 1835 2263 1938 2302; x_wconf 84' lang='lat' dir='ltr'>opus</span> 
     </span>
     <span class='ocr_line' id='line_1_29' title="bbox 97 2318 1938 2373; baseline 0 -15"><span class='ocrx_word' id='word_1_248' title='bbox 97 2322 139 2358; x_wconf 86' lang='lat' dir='ltr'>et</span> <span class='ocrx_word' id='word_1_249' title='bbox 168 2318 353 2360; x_wconf 83' lang='lat' dir='ltr'>affectum</span> <span class='ocrx_word' id='word_1_250' title='bbox 393 2334 508 2360; x_wconf 88' lang='lat' dir='ltr'>suum</span> <span class='ocrx_word' id='word_1_251' title='bbox 541 2322 787 2361; x_wconf 84' lang='lat' dir='ltr'>laudabilem</span> <span class='ocrx_word' id='word_1_252' title='bbox 825 2323 865 2360; x_wconf 90' lang='lat' dir='ltr'>in</span> <span class='ocrx_word' id='word_1_253' title='bbox 898 2321 1057 2360; x_wconf 86' lang='lat' dir='ltr'>domino</span> <span class='ocrx_word' id='word_1_254' title='bbox 1100 2320 1446 2373; x_wconf 72' lang='lat' dir='ltr'>commendantes,</span> <span class='ocrx_word' id='word_1_255' title='bbox 1486 2324 1677 2358; x_wconf 85' lang='lat' dir='ltr'>statutum</span> <span class='ocrx_word' id='word_1_256' title='bbox 1709 2320 1938 2359; x_wconf 91' lang='lat' dir='ltr'>huiusmodi</span> 
     </span>
     <span class='ocr_line' id='line_1_30' title="bbox 97 2386 1938 2440; baseline 0.001 -15"><span class='ocrx_word' id='word_1_257' title='bbox 97 2389 340 2427; x_wconf 82' lang='lat' dir='ltr'>auctoritate</span> <span class='ocrx_word' id='word_1_258' title='bbox 380 2390 589 2429; x_wconf 85' lang='lat' dir='ltr'>ordinaria</span> <span class='ocrx_word' id='word_1_259' title='bbox 631 2392 672 2429; x_wconf 88' lang='lat' dir='ltr'>in</span> <span class='ocrx_word' id='word_1_260' title='bbox 715 2391 875 2428; x_wconf 89' lang='lat' dir='ltr'>nomine</span> <span class='ocrx_word' id='word_1_261' title='bbox 917 2389 1062 2428; x_wconf 86' lang='lat' dir='ltr'>domini</span> <span class='ocrx_word' id='word_1_262' title='bbox 1103 2386 1407 2440; x_wconf 78' lang='lat' dir='ltr'>confirmamus3</span> <span class='ocrx_word' id='word_1_263' title='bbox 1449 2388 1690 2426; x_wconf 79' lang='lat' dir='ltr'>mandantes</span> <span class='ocrx_word' id='word_1_264' title='bbox 1733 2388 1827 2426; x_wconf 91' lang='lat' dir='ltr'>illud</span> <span class='ocrx_word' id='word_1_265' title='bbox 1860 2388 1938 2427; x_wconf 91' lang='lat' dir='ltr'>sub</span> 
     </span>
     <span class='ocr_line' id='line_1_31' title="bbox 97 2453 1937 2507; baseline 0.001 -15"><span class='ocrx_word' id='word_1_266' title='bbox 97 2453 422 2496; x_wconf 83' lang='lat' dir='ltr'>interminatione</span> <span class='ocrx_word' id='word_1_267' title='bbox 471 2458 744 2497; x_wconf 86' lang='lat' dir='ltr'>anathematis</span> <span class='ocrx_word' id='word_1_268' title='bbox 794 2457 1005 2507; x_wconf 85' lang='lat' dir='ltr'>perpetuis</span> <span class='ocrx_word' id='word_1_269' title='bbox 1060 2455 1352 2494; x_wconf 88' lang='lat' dir='ltr'>inuiolabiliter</span> <span class='ocrx_word' id='word_1_270' title='bbox 1399 2456 1652 2506; x_wconf 77' lang='lat' dir='ltr'>temporibus</span> <span class='ocrx_word' id='word_1_271' title='bbox 1704 2455 1937 2494; x_wconf 86' lang='lat' dir='ltr'>obseruari.</span> 
     </span>
    </p>
   </div>
   <div class='ocr_carea' id='block_1_7' title="bbox 97 2521 1937 2629">
    <p class='ocr_par' dir='ltr' id='par_1_7' title="bbox 97 2521 1937 2629">
     <span class='ocr_line' id='line_1_32' title="bbox 97 2521 1937 2576; baseline 0.001 -16"><span class='ocrx_word' id='word_1_272' title='bbox 97 2521 195 2576; x_wconf 83' lang='lat' dir='ltr'>Ego</span> <span class='ocrx_word' id='word_1_273' title='bbox 227 2524 401 2564; x_wconf 87' lang='lat' dir='ltr'>Beneda</span> <span class='ocrx_word' id='word_1_274' title='bbox 432 2527 473 2564; x_wconf 88' lang='lat' dir='ltr'>iu</span> <span class='ocrx_word' id='word_1_275' title='bbox 505 2525 679 2565; x_wconf 81' lang='lat' dir='ltr'>euidens</span> <span class='ocrx_word' id='word_1_276' title='bbox 711 2525 831 2563; x_wconf 89' lang='lat' dir='ltr'>huius</span> <span class='ocrx_word' id='word_1_277' title='bbox 870 2524 1100 2563; x_wconf 88' lang='lat' dir='ltr'>collationis</span> <span class='ocrx_word' id='word_1_278' title='bbox 1132 2534 1223 2563; x_wconf 90' lang='lat' dir='ltr'>mee</span> <span class='ocrx_word' id='word_1_279' title='bbox 1262 2523 1458 2563; x_wconf 87' lang='lat' dir='ltr'>videlicet</span> <span class='ocrx_word' id='word_1_280' title='bbox 1489 2524 1669 2574; x_wconf 88' lang='lat' dir='ltr'>quinque</span> <span class='ocrx_word' id='word_1_281' title='bbox 1702 2535 1937 2563; x_wconf 87' lang='lat' dir='ltr'>mansorum</span> 
     </span>
     <span class='ocr_line' id='line_1_33' title="bbox 1620 2588 1732 2629; baseline 0 0"><span class='ocrx_word' id='word_1_282' title='bbox 1620 2588 1732 2629; x_wconf 56' lang='lat'>34*</span> 
     </span>
    </p>
   </div>
  </div>
 </body>
</html>
