2155 2928
924 166 1026 205 325

57 307 344 349 institutionem
386 305 714 344 cisterciensium
755 303 921 345 fratrum
953 317 979 344 a
1010 305 1128 345 uobis
1167 308 1261 356 post
1301 303 1515 342 concilium
1553 305 1760 357 generale
1792 316 1891 344 sus-

56 379 214 426 ceptam
261 375 301 413 in
348 373 492 412 eodem
534 374 783 412 monasterio
824 375 1030 412 institutus
1079 385 1178 412 esse
1220 373 1448 412 dinoscitur
1494 373 1704 422 perpetuis
1745 373 1891 411 ibidem

58 443 304 493 temporibus
350 440 641 479 inuiolabiliter
687 441 946 480 obseruetur.
1016 441 1221 480 Preterea
1268 450 1546 491 quascumque
1598 441 1892 489 possessiones

59 520 310 563 quecumque
337 509 444 547 bona
464 508 568 546 idem
592 509 880 547 monasterium
904 510 1256 559 impresentiarum
1280 509 1386 546 iuste
1412 518 1462 545 ac
1489 508 1688 545 canonice
1708 507 1894 556 possidet

58 582 128 618 aut
157 578 197 616 in
228 575 402 615 futurum
426 577 702 614 concessione
737 574 963 624 pontificum
996 577 1220 629 largitione
1253 586 1401 627 regum
1425 575 1490 613 uel
1527 575 1749 624 principum
1775 574 1893 613 obla-

59 647 169 686 tione
201 643 371 683 fidelium
405 654 481 682 seu
514 643 605 681 aliis
639 644 755 681 iustis
789 644 916 681 modis
951 648 1164 693 prestante
1205 643 1364 681 domino
1398 643 1546 692 poterit
1576 642 1750 692 adipisci
1782 640 1894 681 firma

58 714 176 753 uobis
209 713 444 762 uestrisque
477 712 796 750 successoribus
829 716 870 750 et
901 711 1055 750 illibata
1087 715 1368 761 permaneant.
1422 710 1471 748 In
1503 709 1650 760 quibus
1683 710 1762 748 hec
1796 720 1894 759 pro-

61 782 158 833 priis
190 780 378 819 duximus
411 779 678 828 exprimenda
712 778 939 817 uocabulis.
986 779 1140 817 Locum
1174 779 1301 828 ipsum
1336 779 1375 815 in
1409 788 1486 827 quo
1520 775 1720 827 prefatum
1752 787 1895 814 mona-

59 848 224 888 sterium
257 848 374 886 situm
407 851 473 885 est
505 857 593 885 cuin
626 847 813 884 omnibus
847 847 1103 896 pertinentiis
1136 847 1237 897 suis.>
1277 857 1364 884 cum
1397 846 1535 896 terris7
1569 845 1713 896 pratis,
1746 844 1895 893 vineis,

61 916 307 967 nemoribus,
340 915 546 967 usuagiis,
580 919 621 953 et
654 915 834 966 pascuis7
867 915 906 952 in
939 914 1067 952 bosco
1101 917 1143 951 et
1175 914 1309 964 plano,
1343 914 1381 951 in
1415 914 1532 962 aquis
1567 916 1608 950 et
1639 911 1895 963 molendinis,

60 985 102 1024 iu
133 984 211 1022 viis
243 986 284 1021 et
315 983 471 1021 semitis
503 986 545 1020 et
577 982 761 1020 omnibus
795 982 884 1020 aliis
917 981 1175 1019 libertatibus
1210 985 1250 1019 et
1283 980 1594 1018 immunitatibus
1627 980 1728 1017 suis.
1779 978 1895 1019 Sane

61 1051 260 1092 noualium
294 1055 538 1101 uestrorum7
580 1060 659 1099 que
693 1050 869 1099 propriis
911 1049 1096 1087 manibus
1130 1053 1200 1086 aut
1238 1048 1463 1097 sumptibus
1497 1047 1630 1085 colitis
1663 1047 1714 1084 de
1748 1046 1895 1097 quibus

62 1119 208 1170 aliquis
241 1118 444 1157 hactenus
467 1129 546 1156 non
582 1118 781 1168 percepit7
808 1118 898 1155 siue
932 1117 983 1155 de
1009 1118 1110 1155 ortis
1143 1116 1339 1169 uirgultis
1362 1120 1402 1154 et
1426 1114 1721 1165 piscationibus
1744 1115 1897 1152 uestris

64 1197 140 1226 seu
180 1186 231 1225 de
263 1190 494 1225 uestrorum
535 1185 762 1223 animalium
805 1185 1059 1223 nutrimentis
1096 1184 1229 1222 nuilus
1270 1195 1293 1222 a
1333 1183 1452 1221 uobis
1492 1182 1673 1220 decimas
1715 1182 1898 1234 exigere

64 1255 130 1295 uel
162 1259 414 1305 extorquere
447 1257 669 1304 presumat.
733 1252 882 1291 Liceat
921 1264 1083 1303 quoque
1116 1252 1234 1290 uobis
1274 1251 1450 1289 clericos
1483 1250 1548 1288 uel
1582 1250 1710 1288 laicos
1743 1249 1898 1287 liberos

65 1326 108 1362 et
137 1323 348 1361 absolutos
389 1333 412 1360 e
445 1322 588 1361 seculo
620 1320 836 1373 fugientes
876 1321 927 1358 ad
962 1321 1274 1359 conuersionem
1316 1319 1505 1368 recipere
1547 1321 1588 1356 et
1627 1328 1700 1355 eos
1740 1317 1899 1367 absque

66 1390 389 1430 contradictione
421 1390 558 1440 aliqua
592 1391 787 1427 retinere.
842 1387 1111 1426 Prohibemus
1139 1388 1307 1436 insuper
1339 1390 1381 1424 ut
1406 1385 1499 1423 nulli
1533 1384 1699 1423 fratrum
1734 1388 1901 1422 uestro-

66 1469 151 1497 rum
184 1461 275 1508 post
306 1455 452 1497 factam
486 1458 524 1496 in
557 1456 808 1495 monasterio
841 1460 982 1494 uestro
1016 1453 1313 1505 professionem
1345 1451 1409 1491 sas
1442 1453 1495 1491 sit
1519 1453 1609 1490 sine
1642 1452 1804 1490 abbatis
1837 1451 1902 1489 sui

66 1524 230 1565 licentia
269 1525 321 1564 de
369 1525 513 1564 eodem
555 1525 646 1563 loco
688 1523 922 1562 discedere.
986 1522 1282 1561 Discedentem
1320 1532 1421 1559 uero
1470 1520 1629 1570 absque
1677 1519 1903 1557 comunium

66 1593 290 1633 litterarum
330 1597 561 1632 uestrarum
600 1592 793 1631 cautione
835 1591 968 1630 nullus
1009 1590 1160 1629 audeat
1200 1589 1397 1627 retinere.
1467 1587 1585 1635 Quod
1627 1587 1756 1637 siquis
1797 1584 1903 1624 forte

68 1661 250 1701 retinere
290 1661 589 1711 presumpserit
627 1661 778 1699 licitum
816 1660 935 1698 uobis
983 1660 1036 1697 sit
1082 1659 1122 1696 in
1168 1657 1281 1706 ipsos
1321 1655 1544 1694 monachos
1591 1658 1633 1693 et
1672 1664 1902 1692 conuersos

71 1729 308 1783 regularem
340 1730 585 1768 sententiam
625 1728 905 1780 promulgare.
976 1725 1080 1764 Illud
1120 1724 1345 1763 districtius
1387 1723 1634 1775 inhibentes,
1674 1732 1726 1760 ne
1765 1726 1903 1760 terras

70 1808 145 1837 seu
177 1797 386 1848 quodlibet
419 1795 660 1835 beneficium
694 1796 878 1836 ecclesie
911 1799 1052 1833 uestre
1086 1792 1273 1831 collatum
1306 1792 1428 1829 liceat
1467 1790 1586 1828 alicui
1627 1789 1904 1839 personaliter

70 1864 160 1904 dari
191 1876 267 1903 seu
300 1865 379 1903 alio
412 1864 529 1903 modo
563 1865 736 1902 alienari
770 1864 930 1913 absque
963 1872 1172 1900 consensu
1205 1860 1326 1898 totius
1360 1858 1525 1908 capituli
1556 1857 1624 1895 uel
1648 1857 1812 1895 maioris
1836 1858 1906 1894 aut

72 1933 248 1971 sanioris
281 1933 412 1983 partis
444 1933 587 1982 ipsius.
652 1932 782 1983 Sique
815 1942 916 1969 uero
951 1929 1197 1968 donationes
1230 1930 1299 1965 aut
1331 1926 1603 1964 alienationes
1636 1925 1756 1963 aliter
1788 1935 1907 1974 quam

72 1998 218 2038 dictum
250 2003 314 2038 est
344 1997 456 2039 facte
489 1997 640 2038 suerint
672 2010 747 2038 eas
781 1999 919 2037 irritas
953 2007 1051 2035 esse
1084 2005 1316 2035 censemus.
1379 1993 1528 2032 Adhec
1561 1993 1680 2031 etiam
1709 1991 1906 2042 probibe-

72 2077 158 2105 mus
197 2078 250 2106 ne
287 2067 435 2118 aliquis
473 2068 700 2106 monachus
748 2068 838 2105 siue
880 2075 1112 2103 conuersus
1159 2063 1235 2101 sub
1278 2059 1537 2112 professione
1582 2063 1725 2098 uestre
1765 2059 1906 2097 domus

72 2135 265 2173 astrictus
298 2135 390 2174 sine
420 2146 630 2174 consensu
664 2140 706 2173 et
736 2134 902 2172 licentia
936 2132 1099 2171 abbatis
1133 2135 1174 2169 et
1205 2130 1371 2169 maioris
1411 2128 1540 2178 partis
1572 2127 1738 2177 capituli
1777 2126 1907 2164 uestri

73 2212 146 2253 pro
178 2201 313 2253 aliquo
347 2201 568 2242 fideiubeat
599 2202 665 2241 uel
698 2201 750 2241 ab
784 2201 919 2251 aliquo
952 2200 1166 2250 pecuniam
1199 2200 1333 2236 mutuo
1366 2196 1546 2246 accipiat
1575 2195 1680 2234 ultra
1714 2206 1907 2233 summam

73 2269 237 2319 capituli
268 2271 397 2309 uestri
430 2270 690 2320 prouidentia
725 2270 985 2308 constitutam
1017 2267 1095 2305 nisi
1127 2269 1297 2314 propter
1321 2261 1576 2302 manifestam
1602 2263 1742 2301 domus
1764 2265 1907 2300 uestre

73 2337 295 2377 utilitatem.
359 2337 476 2386 Quod
509 2339 544 2377 si
578 2336 721 2377 facere
760 2335 866 2376 forte
899 2334 1195 2385 presumpserit
1229 2343 1308 2370 non
1349 2335 1540 2370 teneatur
1571 2333 1799 2368 conuentus
1832 2341 1907 2379 pro

73 2401 151 2443 hiis
182 2405 441 2456 aliquatenus
475 2406 747 2456 respondere.
810 2404 984 2443 Licitum
1017 2405 1213 2452 preterea
1250 2400 1303 2438 sit
1334 2399 1453 2437 uobis
1486 2399 1526 2437 in
1559 2398 1699 2436 causis
1734 2397 1909 2448 propriis

71 2471 162 2511 siue
193 2473 352 2512 ciuilem
383 2475 474 2513 siue
507 2473 756 2512 criminalem
780 2471 1018 2510 contineant
1043 2469 1297 2520 questionem
1324 2465 1489 2505 fratrum
1523 2469 1752 2505 uestrorum
1786 2466 1908 2504 testi-

74 2540 216 2581 moniis
254 2542 312 2580 uti
351 2552 404 2581 ne
444 2553 517 2592 pro
558 2540 723 2580 defectu
764 2540 926 2578 testium
966 2538 1029 2575 ius
1061 2542 1241 2575 uestrum
1275 2535 1412 2574 ualeat
1446 2535 1484 2572 in
1526 2534 1661 2585 aliquo
1701 2533 1908 2584 deperire.
