2155 2928
983 108 1049 149 99

93 253 256 295 soribus
302 253 343 292 in
390 254 644 303 perpetuum.
707 246 809 291 Cum
853 249 1004 289 licitum
1051 250 1104 289 sit
1148 247 1315 288 cuilibet
1361 244 1566 285 catholico
1613 245 1801 296 principi.
1847 256 1934 286 rem

93 313 328 362 immobilem
361 320 556 359 ecclesie.
589 330 679 358 cum
710 318 792 357 alia
823 318 992 357 meliore
1022 318 1091 357 uel
1117 317 1234 356 simili
1267 318 1514 367 permutare.
1547 313 1637 352 iure
1670 314 1929 364 permittente

92 390 181 430 Nos
214 389 356 428 damus
389 391 430 426 et
460 387 667 427 tradimus.
698 386 818 425 uobis
851 389 892 424 et
926 385 1244 424 successoribus
1283 383 1437 423 uestris
1471 382 1583 422 titulo
1623 382 1933 432 permutationis

91 459 132 497 in
163 461 404 508 perpetuum
429 457 517 494 iure
550 455 704 506 proprii
730 454 963 493 theloneum
994 454 1035 492 in
1069 452 1324 492 Irtsschowe
1355 464 1429 503 pro
1470 451 1646 502 quadam
1677 453 1796 500 parte
1829 451 1935 489 ciui-

95 526 189 565 tatis
235 524 534 564 olomucensis.
575 533 654 574 que
696 521 749 560 ad
793 522 855 560 ius
901 525 943 560 et
988 522 1278 571 proprietatem
1329 521 1594 571 episcopatus
1644 517 1934 558 Olomucensis

93 592 340 644 pertinebat.
365 594 587 642 presentes
610 589 730 628 uobis
749 589 802 628 ad
823 590 885 628 rei
909 590 1139 628 memoriam
1166 589 1453 639 sempiternam
1472 588 1633 627 litteras
1649 585 1934 625 concedendo.

93 661 203 700 Acta
236 663 331 698 suut
354 659 434 698 hec
467 659 507 697 in
536 659 707 697 Brunna
739 657 1003 707 presentibus
1027 657 1092 696 his
1124 657 1314 696 testibus.
1345 657 1521 696 Alberto
1554 655 1765 707 preposito
1799 653 1933 693 sancti

94 728 209 767 Petri
251 727 293 765 in
331 727 514 765 Brunna.
547 725 814 766 Eckenberto
847 725 1067 764 burcrauio
1100 724 1152 763 de
1183 724 1540 766 Starkenbuorch.
1580 724 1774 763 Bursone
1820 736 1934 764 mar-

92 795 236 835 scalco
270 798 425 834 nostro.
464 795 583 834 leros
615 794 815 844 pincerna
854 797 1009 832 nostro.
1041 793 1160 832 Ieros
1202 797 1244 832 et
1274 793 1460 846 Hugone
1500 792 1552 831 de
1590 792 1929 832 XValdenberch.

92 862 279 903 Hirzone
311 863 487 914 coquine
514 866 656 902 nostre
688 863 891 915 magistro
918 865 958 900 et
990 861 1081 900 aliis
1109 872 1227 912 quam
1251 861 1448 912 pluribus.
1495 861 1646 899 Datum
1671 871 1746 911 per
1769 872 1928 900 manum

91 931 282 985 magistri
329 931 523 981 Dyonisii
568 929 955 983 XVissegradensis
1010 930 1223 980 prepositi.
1286 929 1433 982 Regni
1496 929 1626 967 nostri
1672 928 1926 968 cancellarii.

91 999 215 1040 Anno
254 998 401 1037 domini
440 999 648 1037 millesimo
688 998 970 1037 ducentesimo
1010 997 1212 1037 XLVIII.
1253 997 1330 1036 ΙΙΙ.
1376 997 1474 1036 Idus
1513 996 1775 1036 Decembris.
1813 996 1930 1036 Indi-

91 1067 228 1107 ctione
260 1066 460 1105 secunda.

396 1164 451 1195 Ex
479 1163 670 1205 originali
698 1163 729 1194 in
757 1162 891 1194 archivo
920 1161 1215 1195 Cremsiriensi.
1245 1181 1286 1186 —-
1319 1163 1401 1194 Item
1430 1164 1462 1194 in
1485 1161 1627 1194 codice
1651 1160 1928 1195 olomucensi.

498 1214 525 1246 Ι.
548 1214 678 1245 membr.
700 1213 754 1245 fol.
777 1212 840 1245 31.

907 1352 1109 1395 CXXXI.

91 1446 209 1486 Idem
248 1446 437 1486 concedit
478 1445 610 1486 eidem
650 1447 858 1498 episcopo,
903 1449 949 1485 ut
988 1447 1132 1499 forum
1172 1459 1313 1486 rerum
1351 1447 1572 1498 renalium,
1618 1446 1730 1498 quod
1775 1449 1838 1486 est
1879 1447 1924 1486 in

89 1514 239 1567 Me'an
272 1516 492 1565 (.lli1'nitz9‚
524 1513 748 1553 reducatur
778 1526 835 1552 em·
865 1526 975 1553 mtnc
996 1516 1040 1553 in
1072 1515 1215 1554 villam
1239 1516 1329 1567 ejus
1361 1516 1556 1566 thc'any.
1605 1515 1712 1555 Acta
1734 1515 1925 1566 Bramme,

657 1582 744 1621 III.
776 1581 879 1620 Idus
910 1581 1169 1634 Decembris,
1208 1583 1357 1623 1248.

194 1656 521 1718 Wencezlaus
562 1675 628 1714 dei
669 1677 820 1729 gracia
875 1680 1045 1727 quartus
1084 1677 1327 1715 Boemorum
1375 1677 1473 1715 Rex
1513 1675 1661 1715 dilecto
1702 1674 1809 1715 fideli
1847 1688 1923 1716 suo

89 1743 322 1784 venerabili
353 1745 395 1782 in
427 1742 597 1784 Christo
630 1744 735 1794 patri
767 1744 962 1783 Brunom·
996 1744 1262 1784 olomucensi
1301 1745 1507 1796 episcopo.
1542 1745 1714 1795 eiusque
1747 1756 1924 1784 succes-

92 1812 255 1851 soribus
294 1812 591 1862 inperpetuum.
653 1812 768 1850 Inter
807 1816 974 1851 ceteras
1017 1816 1058 1851 et
1089 1812 1305 1862 preclaras
1344 1813 1535 1851 uirtutum
1577 1812 1703 1851 sedes
1743 1825 1823 1852 non
1856 1814 1923 1852 in-

89 1881 231 1918 merito
264 1880 394 1919 locum
418 1879 496 1918 sibi
521 1877 791 1918 munificentia
816 1880 1011 1919 uendicat
1040 1880 1275 1930 specialem.
1303 1891 1382 1931 que
1408 1880 1504 1919 licet
1529 1878 1753 1919 munificum
1779 1892 1922 1931 quem-

87 1947 187 1987 libet
218 1946 344 1987 saciat
374 1948 610 1986 uirtuosum.
644 1947 810 1986 clariori
840 1952 975 1986 tamen
1006 1948 1099 1987 luce
1131 1946 1316 2001 refulget
1355 1949 1395 1987 in
1428 1949 1614 1999 principe
1648 1948 1738 1987 dum
1772 1954 1921 2000 quanto

89 2015 298 2053 sublimius
331 2014 500 2054 habitat.
538 2017 652 2054 tanto
685 2015 886 2066 prolixius
925 2015 1065 2054 radios
1097 2027 1172 2054 sue
1212 2016 1412 2055 claritatis
1447 2016 1646 2055 extendit.
1708 2017 1849 2057 Habet
1880 2018 1921 2057 in

90 2093 138 2121 se
171 2086 366 2133 preterea
397 2083 562 2136 regalis
601 2081 881 2122 munificencia
915 2083 1116 2134 quoddam
1154 2084 1352 2134 speciale.
1385 2085 1479 2136 quia
1513 2085 1564 2123 de
1597 2085 1733 2124 dantis
1767 2097 1920 2126 aceruo

88 2162 170 2189 non
202 2151 352 2189 minuit.
383 2161 461 2189 nec
494 2150 716 2204 largientis
749 2151 1016 2190 emolumenta
1049 2152 1245 2191 debilitat.
1277 2152 1353 2191 sed
1394 2164 1482 2192 cum
1515 2153 1673 2204 aliquos
1706 2152 1920 2193 beneficiis

89 2217 167 2257 sibi
204 2217 339 2257 reddit
379 2217 595 2257 obnoxios.
643 2220 907 2272 regnantium
947 2221 1075 2273 erigit
1120 2220 1224 2259 solia
1274 2218 1405 2259 firmat
1446 2221 1615 2271 imperia
1662 2233 1742 2260 nec
1788 2223 1919 2262 minus

88 2287 277 2339 egregie
300 2285 570 2325 thezaurizat.
615 2287 730 2326 Inter
752 2287 978 2327 huiusmodi
1002 2300 1107 2327 sane
1135 2292 1366 2327 nostrarum
1392 2289 1767 2329 considerationum
1793 2301 1919 2330 curas

88 2353 235 2404 quibus
267 2363 430 2404 semper
469 2354 569 2393 uiris
600 2355 908 2395 uenerabilibus
948 2360 990 2395 et
1022 2356 1214 2395 discretis
1255 2358 1497 2396 serenitatis
1528 2362 1671 2397 nostre
1704 2358 1918 2398 dominium

86 2424 287 2472 tamquam
319 2421 542 2473 columpnis
573 2421 718 2462 fulcire
751 2424 1010 2474 proponimus
1043 2425 1300 2465 inmobilibus
1331 2425 1465 2465 altiori
1494 2430 1631 2465 mente
1663 2427 1913 2467 reuoluimus

89 2489 262 2539 qualiter
292 2501 368 2529 uos
401 2493 443 2530 et
474 2490 576 2530 alios
607 2492 720 2531 uiros
752 2492 911 2532 nobiles
941 2493 1146 2532 litteratos
1183 2496 1225 2532 et
1256 2493 1460 2534 discretos
1492 2494 1544 2534 ad
1575 2498 1717 2534 nostre
1749 2496 1915 2535 sereni-

1603 2561 1710 2602 13ἦνέ
