2155 2928
931 176 1034 219 225

67 331 151 375 ego
183 319 334 358 curiam
367 318 407 356 in
439 316 647 367 Raystorf
673 318 805 372 sitam7
837 319 890 358 ab
922 319 1137 358 Alberone
1169 314 1291 358 milite
1325 317 1376 358 de
1408 313 1736 358 &Vilialmestorf
1763 319 1895 359 domui

66 387 324 430 Bernekensi
359 385 561 436 quondam
592 386 795 439 collatam7
829 387 1080 436 postmodum
1114 398 1215 426 vero
1249 398 1323 438 per
1356 388 1679 440 suggestionem
1711 398 1895 438 quorun-

66 457 154 497 dam
185 467 209 494 a
240 453 370 493 fratre
402 463 491 492 meo
525 453 577 491 ab
611 454 701 503 ipsa
734 454 951 493 alienatam
976 456 1063 493 suis
1089 455 1261 493 eandem
1288 455 1516 494 nendicans
1545 455 1689 493 usibus
1714 455 1895 494 credens

65 522 285 566 secundum
316 532 454 560 eorum
486 521 728 560 relationem
760 534 809 562 se
841 524 882 561 in
914 534 965 562 ea
999 523 1318 562 lurisdictionem
1350 523 1529 577 habere,
1568 522 1621 561 ad
1660 523 1896 573 petitionem

66 591 208 632 domini
248 589 410 629 abbatis
450 588 502 628 de
541 590 683 641 Ierus7
726 593 767 629 et
807 591 1003 641 prepositi
1046 591 1096 630 de
1137 590 1330 645 Rernek⁸>
1371 591 1663 642 multorumque
1705 591 1896 630 nobilium

66 657 338 712 persuadente
386 657 579 710 consilio7
626 668 706 696 nec
745 670 826 696 non
870 662 911 697 et
958 670 1175 709 puerorum
1220 659 1430 698 uoluntate
1477 659 1767 698 consentiente
1805 670 1894 698 cum

65 726 243 767 omnibus
275 725 422 778 agris»,
462 725 614 777 pratis7
648 728 689 764 et
721 725 873 779 hortis,
913 728 1004 765 siue
1045 728 1137 765 aliis
1176 727 1401 765 attinentiis
1441 726 1573 766 domui
1612 727 1895 777 prenominate

63 793 324 847 integraliter
364 793 561 845 restituo,
609 803 780 843 eamque
829 794 1125 844 perpetualiter
1171 794 1458 844 possidendam
1501 795 1715 845 sepedicte
1761 794 1894 833 domui

63 861 189 916 sigilli
218 861 296 900 mei
327 862 597 913 appensione7
631 864 672 899 et
704 862 865 900 testium
899 864 1164 900 annotatione
1190 861 1396 915 confirmo,
1420 866 1464 902 vt
1495 875 1575 902 non
1607 864 1735 902 solum
1758 863 1893 902 militis

62 927 227 983 prefati,
265 928 342 967 sed
383 929 504 967 etiam
551 928 773 967 remedium
815 929 969 968 existat
1009 927 1149 968 fratris
1191 931 1289 982 mei,
1329 935 1371 969 et
1402 931 1535 969 anime
1576 941 1652 969 sue
1686 931 1892 980 prodesse

61 991 198 1036 ualeat
227 996 279 1035 ad
311 996 496 1035 salutem.
546 996 720 1035 Nomina
754 1007 916 1047 quoque
948 998 1110 1036 testium
1149 1000 1244 1036 sunt
1281 997 1373 1036 hec,
1407 998 1538 1037 Zmilo
1578 1001 1619 1036 et
1651 999 1891 1038 Ratiborius

63 1064 113 1104 de
158 1064 369 1103 Belcowe.
413 1063 582 1102 Vlricus
629 1064 681 1102 de
722 1064 943 1114 Plerpacli.
992 1064 1178 1103 Razlaus
1227 1065 1277 1104 de
1321 1066 1523 1104 Heroltiz.
1565 1065 1811 1120 Gerwigius
1850 1067 1893 1105 in

62 1130 327 1172 Drozendorf
353 1132 607 1171 castellanus
647 1136 688 1171 et
720 1135 836 1171 ciues
870 1132 1053 1171 eiusdem
1085 1133 1177 1171 loci.
1219 1132 1468 1173 Cliunradus
1511 1133 1711 1185 quondam
1752 1134 1892 1173 iudex.

61 1199 309 1239 Waltherus
333 1200 535 1250 Pliephel.
561 1200 816 1240 &Valtlierus
847 1200 1045 1240 Grossus.
1070 1201 1296 1254 Pilgrimus
1327 1201 1635 1241 molendinator.
1660 1201 1889 1241 Leutoldus

60 1267 196 1306 iudex.
228 1266 478 1308 Chunradus
511 1268 653 1306 clerici
693 1266 810 1306 filius.
846 1268 1014 1307 Vlricus
1053 1268 1246 1321 Swebel,
1286 1273 1328 1308 et
1366 1269 1433 1308 alii
1473 1281 1591 1320 quam
1631 1270 1770 1320 plures
1810 1268 1890 1308 fide

61 1335 188 1389 digni.
248 1336 399 1375 Datum
431 1347 539 1374 anno
574 1336 720 1374 domini
752 1337 813 1375 M.
847 1334 935 1377 CC.
960 1336 1075 1375 LVI.
1100 1341 1374 1376 concurrente
1400 1338 1443 1376 V
1445 1338 1476 1376 1.
1501 1337 1723 1377 indictione
1747 1338 1888 1377 XIIII.

0 1404 1 1458 J
59 1403 217 1454 Epacte
248 1403 389 1443 XXII.
421 1403 596 1442 Domino
631 1403 843 1444 Otliacliro
874 1405 1085 1444 Austriam
1119 1405 1399 1459 gubernante.

359 1500 516 1533 Marian
538 1520 581 1525 ——
604 1499 986 1544 Oester.1{1erisey
1009 1502 1070 1533 lx.
1094 1508 1170 1545 pag.
1197 1497 1284 1535 133.

872 1665 1068 1709 CCXLI.

4 1761 5 1783 ³
58 1765 264 1819 PJ-emysl,
288 1766 479 1807 dominus
502 1769 624 1819 requi
644 1769 861 1820 Boiimiae,
894 1769 987 1808 dum
1011 1770 1209 1809 Auso-iae
1240 1772 1279 1808 el
1299 1768 1487 1808 marchio
1515 1769 1749 1820 Morsu-iae,
1782 1767 1888 1808 bona

5 1836 7 1887 ᾗ
55 1833 232 1886 fratrum
262 1835 482 1888 hospitalis
514 1849 548 1875 s.
581 1835 764 1876 donanis
789 1837 839 1875 ab
872 1849 996 1876 onere
1016 1839 1370 1889 pernoctationwn
1397 1837 1553 1876 liberat.
1600 1838 1670 1876 Dt.
1698 1838 1886 1890 Proque„

6 1890 7 1901 ¹
638 1905 734 1944 VII.
767 1904 872 1944 Idus
904 1906 1119 1957 ιῙαηῑιαιΐὶ,
1159 1905 1310 1946 1257.

196 1993 393 2054 premizl
425 2014 491 2053 dei
530 2015 682 2068 gracia
722 2015 905 2054 dominus
944 2016 1071 2069 regni
1103 2016 1313 2055 Bohemie.
1357 2016 1440 2054 dux
1477 2016 1663 2054 Austrie.
1704 2016 1886 2055 marchio

8 2106 11 2114 ,
56 2077 258 2120 Moravie.
320 2082 544 2121 Vniuersis
593 2084 816 2122 baronibus
856 2084 1058 2122 militibus.
1106 2084 1308 2122 iudicibus
1347 2088 1389 2122 et
1427 2082 1671 2123 officialibus
1711 2084 1886 2135 aliisque

10 2163 11 2190 ι
56 2143 237 2187 fidelibus
269 2160 511 2202 quocunque
544 2152 705 2189 nomine
738 2157 991 2190 censeantur
1019 2163 1093 2201 per
1117 2152 1341 2190 districtum
1374 2153 1437 2190 sui
1461 2151 1623 2190 dominii
1654 2153 1886 2191 constitutis

10 2207 11 2245 ἒ
57 2215 239 2266 graciam
286 2228 414 2256 suam.
483 2219 688 2257 Nouerint
733 2220 915 2258 uniuersi
962 2223 1196 2269 presentem
1244 2220 1440 2272 paginam
1486 2220 1725 2269 inspecturi.
1780 2220 1887 2270 quod

11 2283 13 2295 ¹
55 2280 132 2320 hac
163 2285 333 2334 speciali
365 2286 557 2325 libertate
597 2287 763 2326 doricum
794 2287 1013 2337 hospitalis
1053 2287 1413 2325 Hierosolimilcme‘
1451 2288 1626 2325 ecclesie
1667 2300 1700 2326 8.
1740 2288 1882 2327 Marte

12 2362 14 2384 ε
55 2348 171 2388 inccta
201 2355 361 2402 pontem
387 2354 651 2405 Praycnsem
678 2355 980 2393 honorauinius.
1012 2358 1053 2393 et
1076 2354 1316 2394 honorando
1342 2355 1582 2394 dotauimus.
1610 2356 1716 2406 quod
1750 2356 1884 2394 nullus

13 2432 15 2473 ἵ
55 2414 245 2457 baronum
286 2422 413 2474 regni
460 2423 592 2461 nostri
633 2423 724 2460 siue
763 2421 936 2460 militum.
976 2426 1046 2460 aut
1091 2421 1277 2460 iudicum.
1324 2427 1394 2462 aut
1434 2422 1658 2462 officialium
1706 2428 1884 2474 quante-

14 2483 17 2530 ᾖ
53 2492 209 2535 cunque
243 2485 365 2527 fuerit
397 2489 628 2542 dignitatis.
662 2490 702 2527 in
735 2489 861 2527 curiis
894 2492 964 2528 aut
996 2489 1102 2528 villis
1135 2490 1309 2540 predicti
1342 2491 1557 2541 hospitalis
1598 2492 1750 2531 audeat
1790 2493 1882 2531 uio-

15 2546 17 2595 ἑ
52 2549 182 2591 lenter
213 2559 473 2604 pernoctare.
507 2558 576 2597 vel
609 2558 731 2596 etiam
763 2556 815 2595 de
848 2556 967 2595 bonis
999 2555 1168 2597 fratrum
1200 2558 1383 2598 eiusdem
1417 2559 1632 2610 hospitalis
1665 2572 1754 2598 cum
1787 2560 1882 2599 alba

1611 2628 1678 2666 29
