2155 2928
1100 148 1205 188 392

229 297 316 336 suis
340 295 608 346 pertinenciis
632 292 860 332 liberaliter
885 288 1164 328 conserentes,
1213 288 1360 326 Datum
1385 298 1494 326 anno
1520 286 1666 325 domini
1691 286 1751 326 M.
1770 284 1859 328 CC.
1876 286 2062 329 LXVII.

228 364 350 415 Apud
384 363 574 402 Brodam.
614 362 689 400 Vl.
721 358 936 399 Kalendas
970 356 1205 394 Februarii.

535 435 588 466 Ex
616 432 805 473 originali
841 433 870 461 in
904 430 1038 460 archivo
1073 428 1244 468 capituli
1279 425 1576 459 olomucensis.
1608 444 1651 450 —
1676 426 1829 468 Apogr.
1856 428 1889 459 iu
1916 427 2062 461 codice

636 482 893 515 olomucensi
917 480 1022 511 chart.
1046 479 1072 510 1.
1096 488 1172 520 pag.
1196 478 1260 509 47.

966 598 1334 642 CCCLxxxlx.

226 702 340 742 Liris
380 699 614 739 contestatio
652 698 757 736 inter
796 694 978 734 abbatem
1019 694 1070 732 de
1118 695 1325 734 W'ilimow
1370 696 1410 733 et
1447 692 1630 733 abbatem
1668 692 1719 732 de
1763 692 1990 743 Welelzrad
2025 695 2068 734 in

228 781 357 807 causa
397 765 612 818 enjusdam
646 764 862 802 solutionis
901 773 1066 800 annuae
1097 762 1156 801 ad
1185 763 1405 801 ecclesiam
1444 763 1487 800 in
1522 761 1728 803 Uber-erice
1758 760 2066 812 (Auci-schim).

585 833 656 871 Dt.
692 831 926 880 Cremsirii,
959 830 1045 868 111.
1080 830 1302 869 Kalendas
1335 831 1512 882 Aprilis,
1551 829 1702 870 1267.

364 891 603 951 Hotizlaus
651 908 919 958 Procurator,
966 917 1044 945 seu
1090 907 1224 945 Actor
1270 907 1448 946 Abbatis
1497 907 1538 945 in
1581 905 1853 945 &villielmow
1898 905 2066 946 Patroni

225 978 420 1018 Ecclesie
459 978 496 1015 in
530 976 693 1015 Har-sic
728 976 890 1013 nomine
922 974 1104 1013 eiusdem
1135 975 1328 1014 Abbatis.
1361 979 1402 1014 et
1430 975 1619 1013 Elwinus
1654 975 1838 1013 eiusdem
1869 973 2065 1013 Ecclesie

224 1046 263 1083 in
296 1045 448 1083 Hui-sic
488 1043 713 1094 Plebanus,
752 1044 987 1092 petiuerunt
1035 1053 1109 1092 per
1157 1041 1381 1082 Officialem
1420 1041 1582 1082 Domini
1624 1043 1671 1081 B.
1718 1041 1918 1092 Episcopi
1965 1040 2065 1081 010-

224 1113 429 1152 mucensis
467 1111 653 1162 compelli
684 1111 892 1149 Abbatem
935 1110 986 1148 de
1022 1110 1250 1161 {Veleqrad
1288 1110 1339 1149 ad
1381 1110 1712 1160 respondendum
1753 1109 1908 1148 eisdem
1940 1119 2066 1159 super

224 1181 435 1219 solucione
468 1181 586 1218 unius
633 1182 801 1217 carrate
851 1179 934 1216 vini
983 1178 1185 1217 soluende
1234 1178 1366 1217 eidem
1412 1178 1609 1217 Ecclesie
1658 1178 1697 1215 in
1744 1177 1898 1216 Hursic
1946 1177 2064 1216 arinis

224 1249 402 1301 singulis
436 1248 486 1286 ab
516 1247 684 1286 Abbate
724 1247 764 1285 in
799 1247 1047 1286 monasterio
1089 1246 1127 1284 in
1163 1246 1410 1299 XVelegrad
1451 1258 1525 1297 pro
1560 1246 1728 1284 decimis
1763 1245 1994 1300 prediorum
2026 1244 2064 1285 in

224 1315 417 1368 Chorcic,
453 1327 531 1366 que
572 1315 734 1354 Nobilis
769 1313 990 1354 Conradus
1024 1315 1103 1352 Vir
1145 1314 1196 1353 de
1230 1313 1405 1353 Hardek
1438 1314 1688 1353 monasterio
1731 1313 1783 1352 de
1819 1311 2062 1366 &Velegrad

223 1395 272 1423 ea
306 1384 548 1422 condicione
581 1383 826 1436 contulerat,
866 1386 909 1421 ut
949 1382 1058 1421 dicta
1099 1387 1265 1421 carrata
1299 1383 1418 1421 annis
1451 1382 1633 1436 singulis
1666 1381 1916 1420 solueretur.
1963 1381 2063 1420 Item

221 1453 468 1504 petiuerunt,
515 1463 605 1489 cum
653 1451 840 1501 predicta
881 1451 1077 1489 Ecclesia
1125 1451 1165 1489 in
1205 1451 1358 1489 Ilursic
1407 1451 1445 1490 in
1488 1451 1761 1501 possessione
1808 1448 2061 1499 percipiendi

221 1520 446 1558 huiusmodi
481 1523 684 1558 carratam
718 1521 837 1558 annis
871 1519 1056 1569 pluribus
1089 1517 1226 1571 fuerit,
1267 1530 1315 1557 se
1353 1519 1405 1557 ad
1446 1519 1754 1569 possessionem
1788 1517 1962 1569 restitui,
1995 1516 2062 1556 vel

222 1587 466 1638 responderi
500 1588 593 1640 sibi,
627 1598 757 1638 quare
792 1587 988 1625 Ecclesie
1022 1587 1060 1625 in
1082 1587 1236 1625 Hursic
1270 1597 1357 1625 eam
1391 1587 1689 1625 subtraxerint.
1735 1586 1836 1624 Item
1870 1584 2064 1635 petebant

221 1655 340 1694 XIV.
373 1659 560 1694 carratas
602 1666 676 1705 per
708 1655 828 1694 XIV.
869 1667 1002 1693 annos
1044 1655 1241 1693 Ecclesie
1283 1655 1323 1693 in
1356 1655 1510 1693 Hursic
1551 1654 1803 1692 subtractas.
1850 1652 1917 1692 Ad
1957 1650 2063 1703 quod

221 1724 369 1763 Abbas
403 1724 454 1763 de
487 1724 733 1777 XVelegrad
768 1724 876 1762 litem
909 1723 1184 1762 contestando
1225 1721 1453 1775 respondit,
1493 1732 1541 1760 se
1583 1733 1662 1760 non
1696 1721 1830 1759 teneri
1863 1720 1915 1759 ad
1948 1719 2061 1758 solu—

222 1792 379 1829 cionem
427 1792 614 1842 predicte
662 1795 852 1843 carrate,
907 1802 996 1829 cum
1052 1791 1200 1830 nullam
1255 1790 1505 1829 solucionem
1562 1790 1614 1828 de
1662 1788 1860 1839 predictis
1909 1787 2060 1838 prediis

220 1859 414 1898 Ecclesie
454 1861 493 1898 in
527 1860 680 1898 Hursic
714 1858 856 1898 facere
889 1862 1117 1911 teneretur,
1157 1869 1236 1897 nec
1270 1860 1397 1909 ipsam
1432 1857 1666 1896 Ecclesiam
1706 1857 1865 1895 restitui
1906 1857 1946 1894 in
1984 1855 2060 1894 hac

221 1931 338 1976 parte
372 1927 543 1980 debere,
577 1939 664 1966 cum
700 1938 904 1978 nunquam
936 1927 977 1965 in
999 1927 1271 1977 possessione
1305 1925 1559 1976 percipiendi
1593 1923 1822 1963 huiusmodi
1854 1921 1989 1975 fuerit,
2021 1924 2062 1961 et

220 1995 270 2032 ob
305 1994 382 2033 hoc
416 1996 544 2033 eciam
577 1995 698 2034 XIV.
740 2000 929 2033 carratas
974 1995 1124 2044 petitas
1157 1995 1316 2033 minime
1349 1994 1516 2032 soluere
1549 1996 1777 2031 teneretur.
1824 1991 1920 2030 Lite
1953 2000 2058 2044 ergo

220 2066 452 2101 contestata
486 2063 618 2101 dictus
645 2061 842 2102 Officialis
875 2062 1086 2112 predictos
1120 2063 1312 2101 Abbates
1338 2060 1564 2102 Cremeser
1596 2061 1751 2113 citauit,
1784 2063 1828 2098 ut
1855 2060 2059 2099 iuramen-

219 2132 298 2168 tum
332 2129 383 2167 de
416 2131 609 2183 veritate,
650 2142 726 2169 seu
759 2131 811 2169 de
844 2130 1074 2181 calumpnia
1107 2134 1359 2183 prestarent,
1401 2133 1443 2168 et
1482 2130 1562 2168 alia
1602 2127 1806 2178 facerent,
1846 2139 1926 2179 que
1963 2129 2058 2166 tunc
2132 2116 2135 2161 s

222 2196 272 2234 de
313 2197 400 2235 iure
441 2198 725 2238 incumberent
763 2196 970 2251 facienda,
1017 2198 1121 2237 diem
1163 2199 1224 2237 eis
1264 2198 1579 2249 peremptoriam
1619 2196 1670 2236 ad
1711 2196 1791 2235 hoc
1831 2194 2058 2234 faciendum
2132 2209 2133 2214 ¹

220 2261 361 2302 feriam
409 2267 631 2315 proximam
678 2270 771 2316 post
821 2271 1010 2305 octauam
1057 2266 1234 2316 Philippi
1290 2269 1331 2305 et
1382 2266 1525 2305 Iacobi
1574 2263 1851 2318 assignando.
1912 2263 2057 2302 Actum
2130 2315 2131 2320 1

222 2328 457 2386 Cremeser,
503 2345 611 2372 anno
651 2335 813 2373 Domini
853 2333 1163 2374 MCCLXVH.
1218 2335 1291 2373 ΙΙΙ.
1332 2332 1544 2373 Calendas
1584 2333 1754 2385 Aprilis,
1795 2330 2056 2382 presentibus

222 2395 416 2438 Conrado
457 2401 720 2440 Scliolastico
767 2406 808 2441 et
848 2400 1063 2442 Canonico
1105 2402 1381 2442 Olomucensi.
1444 2402 1502 2440 10.
1543 2401 1594 2440 de
1634 2401 1804 2440 Kescer
1844 2397 2054 2439 Canonico

223 2464 550 2521 Cremeserensi,
584 2473 625 2508 et
656 2469 875 2520 preposito
909 2470 1146 2509 Hermanno
1181 2470 1232 2508 de
1266 2470 1528 2509 monasterio.

526 2542 685 2573 Dobner
706 2561 749 2567 —
772 2541 1029 2574 Monumenta
1052 2543 1109 2574 lv.
1132 2541 1222 2574 275.
