2155 2928
956 191 1056 232 411

925 328 1081 371 CDVI.

80 407 247 461 Bruno,
288 412 509 466 episcopus
549 417 852 475 olomucensis,
902 431 1091 470 concedit
1129 437 1308 486 capitulo
1348 440 1640 489 crema-ieme·
1675 453 1908 503 facultatem

139 477 321 528 eligendi
353 480 557 524 decanum
589 489 628 525 et
657 494 893 532 canonicos.
957 497 1114 538 Datum
1148 502 1378 559 Cremsirii,
1410 511 1554 552 Idibus
1586 517 1843 574 Decembris,

931 563 1081 605 17267.

221 636 386 697 Bruno
420 659 485 699 dei
511 665 661 715 gracia
696 667 918 719 episcopus
946 672 1240 718 Olomucensis.
1291 683 1513 726 Vniuersis
1540 688 1694 732 Christi
1723 693 1907 737 fidelibus

75 719 183 760 hanc
215 722 389 764 litteram
430 728 678 778 inspecturis
713 739 894 776 eternam
936 741 973 778 in
1009 743 1165 783 domino
1207 749 1387 790 salutem.
1452 754 1677 805 Cupientes
1719 764 1824 812 quod
1857 776 1907 805 ea

76 798 157 839 que
191 801 266 839 per
289 804 365 831 nos
399 794 701 838 deliberatione
728 803 791 852 pia
827 810 867 843 et
894 810 1061 856 prouida
1089 818 1331 869 statuuntur,
1361 819 1467 859 firma
1502 835 1664 875 semper
1689 834 1728 866 et
1754 831 1906 871 illibata

73 858 320 912 persistant,
369 873 419 899 ac
460 875 535 913 per
575 868 717 917 scripti
758 876 988 914 memoriam
1039 879 1088 916 ad
1131 879 1349 923 futurorum
1390 891 1574 929 noticiam
1615 896 1903 952 perducantur,

73 923 240 965 'fenore
273 931 523 977 presentium
557 938 689 973 notum
723 935 893 978 facimus
927 944 1031 993 quod
1067 946 1224 987 dilectis
1258 952 1294 989 in
1322 952 1486 994 Christo
1521 962 1698 1010 capitulo
1731 966 1903 1004 ecclesie

71 994 106 1022 s.
147 986 354 1026 ⁴'llaurz‘cz‘i
391 989 434 1027 in
478 989 696 1032 Cremeser
737 1005 878 1038 nostre
919 1002 1096 1043 diocesis
1137 1019 1249 1057 quam
1293 1024 1364 1050 nos
1405 1017 1582 1064 cepimus
1623 1020 1816 1061 edificare
1849 1025 1900 1063 de,

70 1061 192 1105 nouo,
225 1054 265 1092 in
289 1055 379 1106 ipsa
413 1060 596 1098 creando
626 1063 876 1118 prebendas,
911 1074 954 1108 vt
981 1082 1055 1120 per
1087 1085 1133 1111 se
1163 1075 1358 1128 deinceps
1392 1082 1440 1119 ad
1468 1085 1700 1132 prebendas
1734 1091 1898 1130 easdem

69 1122 310 1175 canonicos,
351 1128 392 1162 et
433 1125 648 1181 decanum,
688 1131 739 1169 de
782 1137 943 1185 gremio
984 1139 1109 1188 ipsius
1143 1144 1322 1184 ecclesie
1362 1148 1490 1188 libere
1524 1156 1680 1200 possint
1720 1157 1896 1212 eligere,

70 1186 228 1236 plenam
270 1189 412 1230 damus
455 1198 496 1232 et
534 1197 797 1238 concedimus
838 1200 1082 1244 facultatem.
1144 1210 1205 1248 Ita
1246 1214 1350 1262 quod
1391 1220 1575 1256 canonici
1616 1234 1753 1261 omnes
1793 1236 1896 1263 con-

66 1256 250 1311 ueniant,
283 1263 324 1298 et
349 1260 525 1301 debitam
560 1264 785 1308 obserucnt
812 1268 977 1311 formam
1011 1277 1231 1316 secundum
1257 1291 1450 1321 canonum
1484 1290 1632 1326 statuta
1657 1290 1694 1327 in
1721 1290 1894 1330 electio-

66 1322 187 1363 nibus
218 1324 444 1367 huiusmodi
471 1330 748 1373 celebrandis,
780 1336 1046 1380 Collationem
1073 1355 1172 1382 vero
1200 1350 1454 1396 prepositure
1484 1353 1521 1390 in
1548 1355 1687 1393 eadem
1712 1358 1894 1397 ecelesia

66 1388 384 1434 Cremeserensi
409 1398 529 1436 nobis
564 1408 604 1438 et
629 1405 781 1442 nostris
814 1411 1132 1449 successoribus
1158 1425 1428 1455 reseruamus.
1459 1424 1499 1457 et
1523 1426 1585 1458 est
1612 1421 1891 1465 olomucensis

63 1459 246 1499 ecclesie
279 1465 494 1517 canonico,
528 1472 569 1505 et
602 1480 681 1508 non
716 1472 887 1512 alterius
921 1477 1116 1531 ecclesie,
1150 1480 1238 1519 dum
1271 1487 1483 1523 vacauerit
1515 1487 1780 1528 conserenda.
1842 1493 1891 1532 In

63 1527 180 1567 cuius
222 1530 282 1568 rei
315 1533 585 1573 testimonium
627 1542 668 1575 et
701 1540 942 1581 euidentiam
984 1548 1025 1583 et
1055 1549 1281 1587 memoriam
1320 1554 1617 1607 sempiternam,
1658 1562 1889 1606 presentem

60 1595 256 1647 paginam
291 1598 387 1637 inde
412 1603 639 1657 conscribi,
665 1609 876 1658 nostrique
899 1612 1024 1664 sigilli
1051 1615 1234 1654 iussimus
1260 1619 1469 1659 munimIne
1494 1622 1691 1662 roborari.
1739 1626 1889 1665 Datum

57 1661 99 1700 in
132 1661 370 1705 Cremeser.
402 1668 545 1708 Idibus
584 1671 830 1714 Decembris
862 1678 985 1718 Anno
1018 1680 1320 1723 MCchvll.

364 1772 419 1804 Ex
448 1776 637 1816 originali
667 1780 697 1810 in
721 1781 810 1812 arch.
835 1784 1183 1827 archiepiscopali
1207 1787 1507 1824 Cremsiriensi.
1529 1811 1572 1817 —-
1592 1794 1886 1838 Apographum

466 1826 500 1858 in
522 1827 668 1860 codice
692 1828 953 1866 olomucensi
976 1837 1019 1866 11.
1044 1837 1097 1868 sol.
1121 1834 1182 1868 26.

890 2007 1066 2050 CDVII.

55 2093 280 2148 malem-us,
312 2112 395 2138 rex
417 2101 620 2143 Boe‘me‘ae
652 2109 691 2145 el
710 2108 899 2147 marchio
930 2111 1162 2160 ,norm-iae,
1198 2112 1348 2151 inhibet
1377 2114 1533 2153 civibus
1556 2117 1879 2171 Litai-censibus,

51 2172 104 2201 ne
133 2166 349 2206 emtionem
372 2168 483 2209 horti
515 2184 607 2211 cum
632 2177 751 2214 curia
784 2189 808 2214 ιι
833 2189 878 2214 se
908 2179 1106 2225 maqislro
1129 2178 1345 2230 hospilalis
1377 2193 1409 2219 s.
1435 2181 1622 2233 Spiritus
1654 2184 1704 2223 de
1725 2185 1879 2226 Sassia

605 2253 845 2281 concessum
879 2245 1111 2295 impediant.
1180 2246 1200 2284 1
1212 2247 1240 2284 2
1249 2247 1276 2285 6
1286 2246 1328 2286 7.

177 2322 478 2397 O.(takarus]
506 2348 571 2388 dei
597 2351 737 2403 gratia
762 2353 856 2391 Rex
884 2353 1064 2404 Boemie,
1091 2354 1189 2392 Dux
1213 2355 1381 2394 Austrie
1405 2360 1444 2395 et
1471 2356 1597 2396 Stirie
1622 2355 1662 2398 e't
1686 2360 1875 2401 Marchio

48 2405 244 2448 Morauie
275 2439 286 2449 .
319 2441 328 2450 .
362 2413 490 2453 ludici
517 2421 558 2455 et
590 2419 748 2456 ciuibus
774 2420 978 2457 uniuersis
1011 2421 1050 2457 in
1078 2422 1260 2460 lmtom'a
1293 2425 1521 2462 constitutis
1549 2428 1728 2478 gratiam
1761 2440 1876 2468 suam

47 2476 89 2512 et
121 2486 238 2515 omne
272 2478 430 2519 bonum.
495 2482 692 2531 Quoniam
725 2488 924 2535 neayistro
956 2486 1171 2537 hospitalis
1204 2500 1236 2526 s.
1269 2488 1455 2540 Spirilns
1488 2491 1538 2529 de
1569 2492 1733 2543 Sassia,
1767 2495 1874 2545 quod

51 2540 91 2580 in
121 2543 290 2586 ciuitate
330 2554 471 2588 uestra
504 2552 545 2590 in
577 2552 763 2592 leuamen
804 2552 1043 2592 infirmorum
1075 2556 1152 2594 iam
1192 2557 1346 2607 pridem
1379 2557 1560 2598 edificari
1594 2563 1873 2602 constituimus

1557 2627 1669 2667 52*
