2155 2928
1087 163 1193 204 268

218 316 257 354 in
291 314 388 353 villa
422 324 510 352 mea
537 310 800 361 Crikzeman,
833 311 875 347 ut
899 307 938 345 in
971 305 1052 344 hac
1078 301 1396 343 confirmationis
1428 302 1590 355 pagina
1618 302 1779 353 plenius
1803 303 2054 359 exprimitur,

215 383 486 424 testimonium
511 384 551 419 et
570 381 855 429 sempiternam
881 374 1111 413 memoriam
1131 371 1312 424 sigillum
1330 381 1459 409 meum
1487 371 1562 420 ipsi
1590 372 1749 423 pagine
1768 372 1867 409 iussi
1895 373 2054 422 apponi.

216 452 271 490 Et
294 462 368 489 nos
396 448 640 488 llerbordus
667 447 863 484 decanus.
891 441 1088 480 Nicolaus
1114 440 1364 490 prepositus.
1388 438 1702 477 Bartliolomeus
1725 438 2055 479 archidiaconus.

218 520 431 568 ceterique
479 516 773 555 Olomucenses
816 510 1027 561 canonici,
1067 515 1110 546 ut
1155 507 1289 545 omnia
1333 507 1373 545 in
1414 506 1494 544 hac
1541 506 1700 560 pagina
1741 505 2055 547 confirmationis

219 597 448 637 expressa,
501 582 710 633 perpetuis
754 580 793 616 in
837 577 1018 616 ecclesia
1063 578 1208 614 nostra
1249 574 1502 624 temporibus
1544 574 1836 626 obseruentu1·.,
1878 574 2055 628 sigillum

219 653 382 703 capituli
419 652 546 689 eciam
580 647 840 698 apposuimus
870 644 963 683 huic
994 644 1162 693 scripto.
1203 642 1351 681 Actum
1386 641 1567 694 Olomuz7
1602 642 1701 681 Idus
1733 641 1905 692 Aprilis.
1949 654 2054 681 anno

218 721 363 759 domini
398 715 691 758 M.CC.111x.
725 713 951 752 ludit-tione
984 711 1184 750 secunda.
1217 711 1369 749 Datum
1402 721 1477 761 per
1508 722 1666 749 manum
1700 708 1885 750 Conradi
1911 710 2057 750 notarii

220 788 349 828 nostri
382 787 448 825 die
481 796 529 824 ac
561 785 651 822 loco
685 779 871 832 prefatis.

521 898 575 929 Ex
604 895 796 936 originali
826 895 856 925 in
879 894 969 924 areli.
994 893 1169 934 capituli
1194 891 1482 925 olomucensis
1507 902 1577 924 cum
1601 893 1719 934 sigillis
1743 893 1855 924 laesis.
1883 910 1926 915 --
1948 892 2056 934 Apo-

621 946 809 987 graplium
839 947 870 976 in
899 944 1014 976 codice
1039 944 1232 976 Cremsir.
1263 954 1292 976 n.
1317 943 1475 982 CXXIV.
1504 946 1536 976 et
1564 943 1680 976 codice
1704 942 1879 976 olomuc.
1906 943 1934 976 1.
1956 943 2056 976 chart.

624 997 678 1029 fol.
701 995 765 1030 23.

991 1159 1027 1202 C
1032 1158 1298 1202 CLXXVII.

218 1273 447 1325 malcan-us,
491 1271 683 1311 dominus
722 1272 844 1321 reym'
881 1271 1104 1321 Boemiae,
1155 1270 1248 1309 dux
1292 1271 1493 1311 Austriae
1533 1273 1571 1309 et
1606 1269 1796 1310 marchio
1826 1271 2058 1322 Moron-siae,

218 1343 460 1383 monasterii
499 1341 642 1381 Cellae
685 1353 718 1378 s.
766 1341 936 1379 Mariae
974 1351 1098 1378 areas
1145 1342 1270 1378 extra
1310 1340 1514 1377 civilatem
1551 1339 1818 1378 Brtmensem
1864 1338 1914 1377 ab
1952 1339 2061 1378 omni

373 1411 593 1449 emat-tione
626 1409 784 1447 ‹ea-imit.
848 1409 920 1448 Dt.
953 1409 997 1447 in
1029 1407 1335 1458 Kltnqenbery,
1369 1406 1514 1445 Idibus
1546 1408 1670 1458 Maji,
1704 1405 1910 1457 (1259).

368 1510 655 1570 Otliacharus
691 1527 770 1566 Dei
804 1527 946 1581 gratia
981 1526 1165 1565 dominus
1197 1527 1325 1579 regni
1357 1526 1541 1578 Boemie.7
1576 1525 1660 1564 dux
1684 1525 1855 1564 Austrie
1890 1528 2060 1564 etmar-

220 1597 311 1636 chio
344 1598 550 1636 Morauie.
614 1596 661 1635 P.
695 1595 830 1648 iudici,
864 1595 1095 1647 Hei-telino7
1129 1595 1352 1646 Franconi⁷
1385 1594 1603 1632 Friderico
1636 1594 1842 1646 scriptori,
1876 1592 2060 1634 Cunzoni

221 1665 272 1703 de
306 1665 471 1715 antiquo
504 1662 609 1716 foro7
643 1664 803 1702 ciuibus
828 1663 1148 1702 Brunnensibus
1181 1663 1362 1715 gratiam
1395 1673 1507 1700 suam
1542 1665 1583 1700 et
1615 1672 1733 1700 omne
1756 1662 1915 1700 bonum.
1957 1660 2061 1709 Quia

221 1737 389 1783 propter
431 1731 650 1770 remedium
702 1732 834 1770 anime
875 1735 1017 1769 nostre
1067 1731 1199 1769 sorori
1247 1730 1472 1779 Herbmye
1510 1732 1549 1768 et
1593 1730 1813 1768 conueniat
1853 1729 1904 1768 de
1945 1728 2061 1769 Cella

222 1800 271 1841 S.
305 1801 473 1840 Mariae
497 1800 604 1838 hanc
628 1800 819 1853 graciam
846 1800 1035 1838 duximus
1068 1797 1312 1851 faciendam,
1337 1797 1545 1849 uidelicet,
1571 1797 1677 1848 quod
1708 1808 1809 1836 aree
1839 1796 2059 1836 earundem

220 1873 341 1907 extra
375 1869 579 1906 ciuitatem
620 1868 754 1918 posite
787 1867 839 1906 ad
873 1878 1056 1920 censum⁷
1096 1866 1163 1904 vel
1198 1866 1474 1917 exactionem,
1513 1865 1582 1904 vel
1615 1865 1845 1915 precariam
1884 1864 2059 1903 ciuitatis

218 1937 351 1975 teneri
384 1948 463 1974 non
503 1936 656 1974 debent
689 1935 985 1988 quoquomodo,
1026 1934 1213 1973 volumus
1247 1937 1288 1972 et
1320 1934 1396 1972 sub
1430 1934 1600 1974 obtentu
1632 1934 1783 1986 gracie
1823 1935 1964 1972 nostre
1996 1931 2059 1970 di-

221 2004 403 2042 strictius
438 2003 678 2056 inhibemus7
712 2008 753 2042 ut
779 2005 907 2053 ipsam
941 2013 1140 2050 sororem„
1164 2013 1240 2040 seu
1275 2003 1365 2040 eius
1400 2004 1643 2039 conuentum
1676 2011 1804 2051 super
1837 1998 2059 2039 huiusmodi

227 2072 541 2124 grauaminilms
582 2083 663 2110 non
706 2072 952 2121 presumatis
995 2071 1045 2109 (le
1086 2075 1228 2109 cetero
1279 2069 1538 2120 perturbare.
1601 2069 1802 2107 Volumus
1841 2070 1975 2121 etiam,
2021 2069 2061 2106 et

228 2139 476 2188 mandamus,
509 2143 552 2177 ut
576 2140 744 2177 racione
778 2138 898 2177 huius
926 2139 1128 2177 libertatis
1161 2149 1236 2177 seu
1263 2139 1415 2191 gracie
1443 2138 1531 2176 iura
1560 2135 1720 2189 foralia⁷
1753 2140 1844 2175 siue
1869 2135 2060 2187 uendant,

225 2207 315 2249 siue
343 2210 490 2261 emant,
514 2207 668 2245 eisdem
695 2207 928 2246 nullatenus
954 2206 1193 2260 denegetis.
1233 2207 1383 2245 Datum
1408 2206 1447 2244 in
1476 2204 1796 2259 Clingenberch
1826 2204 1918 2244 idus
1946 2203 2059 2244 Maii.

525 2320 580 2356 Ex
603 2321 803 2363 originali
831 2331 903 2353 cum
925 2321 1033 2363 sigillo
1058 2322 1202 2363 equestri
1224 2321 1317 2353 laeso
1341 2322 1373 2352 in
1395 2320 1485 2352 arch.
1509 2330 1539 2353 c.
1562 2330 1588 2351 r.
1612 2320 1747 2352 aulico
1773 2319 2040 2354 vindobonae.
