2155 2928
914 179 1013 219 361

851 316 1084 360 CCCLXI.

47 419 196 469 Borea,
213 418 463 457 castellanus
487 418 531 456 in
548 416 823 468 Riesenbwy,
846 422 1097 459 mona-§lario
1126 420 1440 460 Welehradensz·
1464 421 1680 460 duodecim
1707 435 1874 462 mansos

47 489 91 528 in
128 485 298 536 Welilca,
329 497 356 524 a
387 484 607 524 Bokuslao
636 488 756 536 patre
786 498 862 524 suo
902 488 939 525 εἰ
971 488 1156 539 collatos,
1197 490 1424 541 confirmat.
1491 491 1559 529 Dc.
1593 491 1636 527 ἰιι
1677 490 1873 541 ΠΊρηοιυ,

700 552 767 591 die
797 554 842 591 3.
874 555 1035 605 Martii,
1076 556 1224 595 1264.

181 643 293 705 Nos
319 661 505 701 Borssho
537 662 812 701 miseracione
846 663 982 702 diuina
1015 665 1268 704 castellanus
1294 666 1331 704 in
1359 665 1633 717 Rysenburclz
1667 667 1875 705 vniuersis

49 729 201 773 Christi
247 729 435 769 fidelibus
481 734 666 768 tenorem
715 732 922 780 presentis
970 732 1116 772 cedule
1163 735 1397 786 cognituris
1442 734 1495 772 ad
1541 735 1601 772 rei
1648 736 1878 773 memoriam

47 800 342 850 sempiternam.
406 796 606 845 Quoniam
639 799 838 836 acciones
871 798 1084 852 hominum,
1126 802 1308 851 quamuis
1341 801 1620 851 sollempniter
1653 802 1879 855 celebrate,

47 867 295 919 procedente
326 869 512 916 tempore
545 863 729 904 defluere
762 872 1083 920 consueuerunt,
1116 873 1157 906 et
1190 874 1357 918 propter
1389 880 1523 907 rerum
1556 873 1624 907 aut
1656 873 1878 919 temporum

46 936 225 987 incertos
257 937 432 973 euentus
472 931 589 972 finem
622 935 697 972 vix
729 934 976 985 quandoque
1015 937 1217 986 proprium
1251 937 1487 989 sortiuntur,
1530 948 1710 974 necesse
1750 938 1880 990 igitur

47 1006 111 1043 est
139 1005 181 1042 et
206 1013 452 1055 congruum,
484 1005 528 1041 ut
553 1011 618 1054 ea,
652 1012 732 1052 que
757 1013 781 1040 a
807 1003 998 1042 memoria
1032 1003 1227 1042 decidere
1260 1007 1431 1053 possunt
1463 1007 1504 1042 et
1535 1001 1723 1041 facillime
1757 1004 1878 1042 anul-

46 1071 134 1124 lari,
162 1071 342 1123 scriptiS,
377 1080 457 1120 que
491 1073 586 1109 sunt
619 1069 808 1108 indicium
842 1071 1029 1109 veritatis
1063 1074 1104 1109 et
1135 1071 1308 1109 testibus
1340 1071 1661 1120 perhennentur.
1719 1071 1878 1110 Noscat

46 1139 174 1192 igitur
209 1142 288 1177 tam
321 1148 499 1187 presens
539 1137 739 1176 hominum
779 1141 885 1190 etas,
927 1149 1044 1188 quam
1082 1138 1122 1176 in
1155 1137 1321 1177 Christo
1361 1149 1614 1176 successura
1655 1139 1877 1188 posteritas

46 1205 121 1245 hos
151 1206 294 1256 apices
326 1206 588 1255 inspectura:
629 1203 748 1252 Quod
789 1216 875 1257 ego
908 1205 1102 1243 Borssho
1135 1206 1186 1244 de
1219 1209 1359 1244 nostre
1393 1206 1542 1258 gracie
1577 1205 1876 1244 beneuolencia

47 1273 254 1313 duodecim
277 1285 457 1327 mansos,
484 1273 550 1324 qui
586 1273 676 1327 leen
708 1273 947 1326 vulgariter
970 1277 1269 1325 nuncupantur,
1303 1273 1352 1311 ad
1380 1284 1506 1323 opera
1531 1272 1712 1311 ecclesie
1738 1274 1876 1311 Hele-

45 1341 262 1393 aradensis
312 1341 402 1380 olim
455 1353 479 1380 a
526 1340 792 1380 dilectissimo
843 1348 959 1391 patre
1007 1347 1146 1379 nostro
1186 1340 1404 1379 Bolmsloo
1452 1341 1491 1378 in
1539 1340 1757 1378 remedium
1798 1351 1875 1379 sue

47 1413 88 1449 et
124 1421 287 1448 suorum
326 1413 539 1459 parentum
587 1420 638 1447 ac
680 1420 971 1448 successorum
1013 1410 1232 1446 animarum
1278 1409 1319 1446 in
1367 1407 1462 1446 villa
1510 1411 1653 1446 nostra
1700 1408 1874 1446 Wellica

47 1477 227 1530 collatos,
269 1482 470 1527 perpetuo
511 1476 787 1527 possidendos
824 1476 956 1514 eidem
997 1477 1179 1514 ecclesie
1220 1476 1424 1525 presentis
1464 1476 1605 1524 scripti
1645 1476 1873 1524 patrocinio

46 1543 378 1597 confirmauimus,
420 1544 702 1583 concedentes
736 1545 963 1583 liberaliter
1002 1548 1043 1583 et
1077 1544 1264 1583 volentes
1302 1547 1345 1581 ut
1377 1543 1471 1581 dicti
1505 1542 1634 1581 mansi
1666 1542 1733 1580 vel
1766 1543 1875 1580 lanei

47 1615 88 1651 et
123 1623 260 1651 eorum
302 1623 577 1662 possessores
617 1614 708 1651 sine
756 1613 861 1651 omni
901 1612 1159 1661 excepcione
1199 1612 1238 1649 in
1278 1610 1408 1662 siluis,
1455 1610 1636 1660 pascuis,
1676 1610 1795 1659 aquis
1835 1613 1877 1648 et

46 1680 224 1718 omnibus
256 1680 402 1718 vsibus
435 1678 671 1718 fructuariis
705 1684 829 1731 atque
862 1680 966 1718 omni
1000 1679 1189 1717 libertate
1222 1677 1451 1730 gaudeant,
1476 1677 1581 1715 sicut
1614 1678 1763 1727 nostri,
1796 1676 1875 1714 hoc

45 1747 129 1786 solo
162 1752 354 1801 excepto,
388 1748 495 1798 quod
528 1747 702 1786 iudicem
736 1753 776 1786 et
810 1747 1076 1797 plantatorem
1111 1757 1186 1796 per
1216 1756 1263 1784 se
1296 1745 1477 1783 habeant
1509 1745 1745 1795 specialem,
1786 1755 1875 1782 cum

45 1824 121 1865 quo
151 1818 215 1853 ter
255 1816 295 1853 in
328 1827 436 1854 anno
477 1817 517 1853 in
552 1816 714 1868 iudicio,
757 1815 862 1866 quod
899 1815 1029 1867 vulgo
1071 1812 1248 1851 bandiclc
1281 1812 1439 1863 dicitur,
1482 1811 1789 1862 comparebunt,
1824 1811 1875 1849 de
1932 1809 1936 1813 '

45 1883 315 1936 querimoniis,
347 1887 548 1934 tamquam
572 1884 702 1922 ceteri
737 1884 866 1921 nostri
892 1883 1090 1933 homineS,
1124 1881 1378 1932 responsuri,
1412 1881 1488 1917 nisi
1524 1879 1629 1929 quod
1663 1879 1714 1917 de
1747 1881 1875 1916 satis-

43 1945 295 1989 faccionibus
335 1951 543 2001 culparum
583 1962 658 1989 suo
702 1950 860 1989 domino
900 1950 1161 1989 tenebuntur.
1224 1948 1282 1986 vt
1321 1952 1453 1986 autem
1486 1947 1565 1985 hec
1598 1951 1737 1984 nostra
1771 1957 1875 1984 con-

44 2014 217 2056 firmacio
242 2019 368 2057 robur
389 2020 571 2069 optineat
589 2017 798 2070 firmitatis,
825 2023 1058 2067 presentem
1078 2017 1261 2055 cedulam
1282 2015 1434 2054 exinde
1453 2015 1659 2053 conscribi
1684 2015 1874 2052 iussimus

45 2088 85 2124 et
114 2086 238 2138 sigilli
271 2087 399 2124 nostri
434 2086 585 2125 robore
619 2087 867 2125 communiri.
921 2086 969 2125 Si
1003 2097 1104 2123 vero
1138 2085 1268 2123 dictos
1310 2083 1451 2121 laneos
1487 2083 1607 2121 vendi
1649 2083 1876 2135 contigerit

43 2152 110 2191 vel
139 2154 294 2206 mutari,
328 2154 424 2193 nulli
456 2155 590 2208 alteri,
630 2155 708 2192 nisi
740 2154 861 2192 nobis
894 2158 963 2192 aut
994 2153 1148 2192 nostris
1180 2152 1320 2202 pueris
1353 2152 1657 2189 commutentur.
1699 2150 1874 2188 Testes:

43 2218 166 2259 Filius
206 2225 348 2260 noster
387 2222 564 2262 Zlavko.
603 2222 857 2261 XVilhelmus
890 2221 941 2259 de
975 2220 1109 2259 dolen.
1148 2219 1384 2258 Bohuzlaus
1424 2218 1475 2256 de
1515 2217 1662 2255 zahon.
1701 2217 1874 2255 Ludher

44 2286 94 2325 de
123 2286 372 2328 Chotemicz.
411 2290 613 2329 Nicolaus
653 2293 695 2329 et
727 2288 857 2328 Mikol
895 2287 1062 2327 fratres.
1101 2287 1310 2326 Iohannes
1350 2286 1401 2324 de
1433 2285 1628 2324 Turnicz.
1690 2286 1798 2323 Acta
1833 2285 1873 2323 in

42 2353 327 2396 Wvlchenow
366 2369 474 2397 anno
514 2358 660 2397 domini
698 2355 1007 2408 MCCLXIIII,
1048 2355 1279 2394 indiccione
1322 2355 1389 2404 vij.
1430 2354 1469 2392 in
1510 2353 1729 2392 dominica:
1769 2352 1872 2391 Esto

0 2412 1 2448 ἰ
43 2422 171 2476 michi,
202 2425 347 2463 Amen.

341 2522 370 2553 E
394 2522 509 2554 codice
531 2521 855 2553 Welehradensi
878 2520 956 2552 MS.
980 2520 1032 2551 sol.
1057 2519 1119 2550 42.

1597 2614 1665 2652 46
