2155 2928
926 167 992 209 27

41 308 344 348 consueuisset.
406 309 517 348 Acta
548 311 644 348 sunt
673 308 754 348 hec
786 308 827 348 in
857 308 952 348 luca
983 308 1170 348 secunda
1200 307 1306 348 feria
1338 310 1380 349 in
1412 309 1560 350 diebus
1592 314 1881 365 rogacionum.

38 378 163 417 Anno
197 377 344 416 domini
374 377 436 417 Μ.
470 374 560 417 CC.
587 376 744 416 XLIII.
776 376 855 416 hiis
887 377 1166 430 presentibus7
1199 388 1367 428 quorum
1401 379 1562 417 nomina
1595 380 1881 421 subnotantur.

41 444 151 497 otto,
175 446 403 484 canonicus
429 445 588 485 Montis
621 456 737 495 syon.
769 446 913 498 Falco7
938 447 1163 484 canonicus
1196 446 1357 484 ibidem.
1390 446 1646 500 Fridericus⁷
1679 449 1881 489 sacerdos

39 511 91 551 de
123 512 384 552 Ruchowau.
418 511 655 566 Cunradus7
677 513 878 552 sacerdos
903 513 955 552 de
979 513 1136 567 vgezd.
1168 513 1335 567 Petrus7
1360 515 1564 553 sacerdos
1598 515 1649 554 de
1679 516 1880 557 Vrbowe.

38 580 257 634 Magister
289 581 557 635 &vilhelmus7
590 581 774 632 phisicus
807 581 1098 632 Znoymensis.
1160 582 1208 622 In
1240 582 1360 621 huius
1393 583 1454 621 rei
1488 583 1661 622 euidens
1693 585 1881 624 testimo-

38 648 147 687 nium
179 648 473 688 declarandum
506 653 650 689 nostra
682 649 824 703 sigilla
857 653 953 689 sunt
983 661 1182 701 appensa.

347 746 378 779 E
401 747 584 780 Vidimus
608 747 848 780 authentico
871 748 912 780 ab
935 757 1017 780 anno
1040 747 1156 781 1422.
1179 749 1212 780 in
1233 748 1368 780 archivo
1392 748 1573 790 ejusdem
1595 753 1847 784 monasterii.

898 913 1015 953 XLI.

37 1012 215 1052 Decisio
246 1014 329 1053 litis
355 1014 462 1053 inter
490 1015 784 1054 monasterium
810 1015 1006 1054 Luc-ense
1031 1017 1071 1053 et
1089 1013 1310 1066 plebanum
1338 1027 1372 1054 ε.
1403 1016 1631 1057 Michaelis
1657 1019 1878 1070 Znoymae

497 1083 548 1121 de
580 1083 766 1122 denariis
799 1081 1080 1121 decimalibus.
1113 1083 1197 1132 [cc.
1237 1083 1414 1133 1243.)

152 1172 445 1242 N.[ic01aus]
474 1192 793 1232 archidiaconus
825 1197 905 1232 tam
932 1192 1163 1231 Brunensis
1198 1203 1314 1243 quam
1339 1194 1618 1243 Znoymensis
1645 1197 1872 1246 prouincie.

36 1261 77 1298 et
113 1258 384 1310 xvsojtech]
426 1262 659 1312 prepositus
699 1261 751 1300 de
790 1261 1064 1300 Dubravnike
1104 1262 1313 1300 uniuersis
1355 1274 1533 1312 presens
1573 1265 1769 1315 scriptum
1809 1267 1876 1304 in-

34 1328 256 1378 specturiS.
295 1328 466 1367 salutem
506 1330 548 1368 in
580 1334 832 1379 perpetuum.
896 1328 1175 1382 Cognoscant
1212 1330 1398 1368 uniuersi
1438 1328 1504 1369 lilii
1544 1332 1726 1371 ecclesie
1767 1333 1875 1384 quod

34 1404 123 1433 cum
142 1395 249 1433 inter
273 1395 472 1436 dominum
497 1397 686 1436 abbatem
710 1398 947 1437 Luc-ensem
972 1402 1013 1436 et
1037 1398 1278 1451 magistrum
1304 1398 1638 1450 XV.[ilhelmum)
1658 1401 1875 1450 plebanum

32 1463 167 1501 sancti
206 1462 442 1503 Michaelis.
475 1464 525 1503 lis
564 1470 801 1504 uerteretur
841 1465 894 1504 de
927 1465 1195 1504 decimalibus
1236 1466 1433 1504 denariis.
1467 1477 1570 1517 quos
1612 1469 1665 1506 ab
1706 1471 1874 1521 antiquo

32 1532 233 1581 tempore.
274 1532 496 1571 barrochia
541 1534 678 1572 sancti
718 1533 888 1572 Nic-olm·
926 1534 1034 1572 iuste
1083 1538 1124 1572 et
1165 1535 1302 1584 quiete
1342 1534 1604 1584 possederat.
1647 1537 1723 1575 nisi
1765 1538 1875 1588 quod

32 1597 167 1637 dictus
208 1601 412 1653 magister
445 1601 523 1640 Ψ.
563 1612 638 1652 per
677 1614 833 1640 manum
876 1601 1097 1640 indebitam
1137 1601 1188 1639 ad
1229 1613 1343 1640 suam
1384 1612 1458 1641 eos
1498 1603 1665 1642 uolebat
1703 1605 1874 1645 trahere

32 1666 266 1706 ecclesiam.
307 1679 395 1707 cum
436 1672 571 1707 tamen
610 1669 760 1708 nullum
801 1669 946 1708 deiure
988 1669 1040 1707 ad
1089 1679 1179 1707 eum
1220 1669 1425 1708 haberent
1464 1674 1711 1720 respectum.
1754 1673 1874 1712 nobis

30 1733 180 1773 iudicio
214 1736 521 1785 presidentibus
548 1737 759 1787 predictus
792 1737 925 1776 abbas
958 1738 999 1775 in
1030 1741 1174 1776 nostra
1207 1738 1419 1787 presentia
1446 1749 1651 1788 personas
1682 1740 1874 1790 ydoneas

29 1803 119 1840 tres
151 1801 351 1842 honestos
383 1804 642 1843 sacerdotes.
681 1805 843 1843 scilicet
874 1805 1111 1844 Policonem
1151 1805 1330 1843 Boream
1364 1809 1404 1843 et
1435 1805 1723 1847 Premizlinum
1756 1809 1875 1849 duxit

30 1868 71 1907 in
96 1870 378 1910 testimonium.
412 1883 487 1922 per
512 1883 681 1923 quorum
706 1884 836 1912 uoces
867 1876 991 1912 totam
1017 1884 1131 1911 suam
1164 1873 1363 1911 iusticiam
1387 1874 1494 1913 sicut
1527 1874 1668 1914 debuit
1699 1876 1873 1916 demon-

30 1939 180 1976 strauit
218 1928 492 1989 apertissime.
556 1940 742 1991 Inquisiti
784 1942 889 1979 enim
922 1952 947 1979 a
979 1941 1100 1979 nobis
1140 1940 1236 1979 dicti
1275 1941 1521 1980 sacerdotes
1554 1954 1643 1981 cum
1682 1942 1874 1994 perfecta

31 2004 250 2058 diligentia
276 2006 327 2045 de
355 2009 618 2046 contentione
643 2008 840 2047 dictorum
865 2008 1127 2047 denariorum
1150 2008 1227 2047 sub
1254 2009 1362 2047 stola
1386 2021 1469 2048 una
1495 2021 1599 2049 uoce
1627 2012 1871 2052 retulerunt.

30 2076 73 2111 et
111 2072 205 2112 fidei
243 2079 545 2114 sacramentum
587 2080 877 2126 porrexerunt.
917 2076 1024 2127 quod
1064 2087 1120 2115 ex
1159 2077 1326 2128 antiqua
1366 2079 1651 2127 possessionis
1692 2081 1871 2120 iusticia.

29 2139 250 2180 barrochia
283 2144 418 2181 sancti
450 2143 612 2182 Nicolai
653 2144 703 2183 de
736 2147 820 2183 tota
854 2145 1021 2183 ciuitate
1061 2145 1308 2195 personales
1341 2148 1383 2183 et
1415 2145 1638 2186 decimales
1672 2148 1869 2189 denarios

28 2219 195 2259 semper
235 2211 481 2260 recepisset.
544 2211 634 2250 Nos
680 2213 811 2265 igitur
857 2216 981 2252 totam
1020 2224 1188 2252 causam
1235 2213 1382 2252 domini
1429 2214 1593 2254 abbatis
1636 2214 1787 2257 firmam
1829 2221 1872 2259 et

28 2276 249 2316 habentem
290 2278 418 2317 robur
456 2291 480 2318 a
513 2291 618 2318 uoce
658 2282 819 2319 testium
859 2285 1186 2334 cognoscentes.
1227 2285 1268 2320 et
1308 2292 1384 2332 per
1425 2284 1557 2323 omnia
1597 2284 1789 2325 uidentes
1828 2287 1871 2326 in

27 2350 148 2396 parte
188 2358 266 2385 sua
303 2347 453 2385 morari
500 2349 713 2387 iusticiam.
761 2349 890 2399 ipsum
931 2351 1108 2388 misimus
1155 2350 1196 2391 in
1235 2351 1515 2400 perpetualem
1559 2355 1870 2403 possessionem

29 2412 282 2452 decimalium
315 2414 589 2454 denariorum.
622 2416 875 2470 Magistrum
907 2417 986 2456 W.
1019 2417 1072 2456 ab
1106 2418 1168 2456 eis
1211 2418 1373 2468 penitus
1407 2419 1694 2460 excludentes.
1757 2422 1870 2462 Pre-

28 2483 211 2532 cepimus
245 2483 375 2521 eciam
407 2483 539 2522 eidem
570 2485 775 2537 magistro
808 2485 887 2525 W.
920 2489 963 2524 ut
995 2485 1154 2525 domino
1188 2486 1328 2525 abbati
1362 2486 1414 2526 de
1453 2487 1635 2528 denariis
1670 2501 1745 2540 per
1784 2491 1869 2530 1111

29 2559 160 2589 annos
200 2551 330 2590 minus
376 2553 483 2591 iuste
525 2553 707 2603 receptis
754 2565 888 2605 usque
929 2554 981 2594 ad
1029 2559 1216 2595 octauam
1257 2555 1369 2595 beati
1414 2555 1642 2596 Laurencii
1684 2560 1866 2599 martiris

1585 2624 1660 2665 4²5¹?
