<?xml version="1.0" encoding="UTF-8"?>
<!DOCTYPE html PUBLIC "-//W3C//DTD XHTML 1.0 Transitional//EN"
    "http://www.w3.org/TR/xhtml1/DTD/xhtml1-transitional.dtd">
<html xmlns="http://www.w3.org/1999/xhtml" xml:lang="en" lang="en">
 <head>
  <title>
</title>
<meta http-equiv="Content-Type" content="text/html;charset=utf-8" />
  <meta name='ocr-system' content='tesseract 3.04.00' />
  <meta name='ocr-capabilities' content='ocr_page ocr_carea ocr_par ocr_line ocrx_word'/>
</head>
<body>
  <div class='ocr_page' id='page_1' title='image "./codexdiplomaticu03morauoft_0198.png"; bbox 0 0 2155 2928; ppageno 0'>
   <div class='ocr_carea' id='block_1_1' title="bbox 1048 195 1243 255">
    <p class='ocr_par' dir='ltr' id='par_1_1' title="bbox 1048 195 1243 255">
     <span class='ocr_line' id='line_1_1' title="bbox 1048 195 1243 255; baseline 0.005 -19"><span class='ocrx_word' id='word_1_1' title='bbox 1048 195 1243 255; x_wconf 69' lang='lat'>148—</span> 
     </span>
    </p>
   </div>
   <div class='ocr_carea' id='block_1_2' title="bbox 938 253 1139 258">
    <p class='ocr_par' dir='ltr' id='par_1_2' title="bbox 938 253 1139 258">
     <span class='ocr_line' id='line_1_2' title="bbox 938 253 1139 258; baseline 0 0"><span class='ocrx_word' id='word_1_2' title='bbox 938 253 1139 258; x_wconf 95' lang='lat' dir='ltr'><strong> </strong></span> 
     </span>
    </p>
   </div>
   <div class='ocr_carea' id='block_1_3' title="bbox 938 258 1243 266">
    <p class='ocr_par' dir='ltr' id='par_1_3' title="bbox 938 258 1243 266">
     <span class='ocr_line' id='line_1_3' title="bbox 938 258 1243 266; baseline 0 2662"><span class='ocrx_word' id='word_1_3' title='bbox 938 258 1243 266; x_wconf 95' lang='lat' dir='ltr'><strong> </strong></span> 
     </span>
    </p>
   </div>
   <div class='ocr_carea' id='block_1_4' title="bbox 172 331 2017 794">
    <p class='ocr_par' dir='ltr' id='par_1_4' title="bbox 172 331 2017 794">
     <span class='ocr_line' id='line_1_4' title="bbox 172 331 2013 396; baseline -0.008 -9"><span class='ocrx_word' id='word_1_4' title='bbox 172 346 333 386; x_wconf 85' lang='lat' dir='ltr'><strong>Albero</strong></span> <span class='ocrx_word' id='word_1_5' title='bbox 382 344 434 384; x_wconf 86' lang='lat' dir='ltr'><strong>de</strong></span> <span class='ocrx_word' id='word_1_6' title='bbox 481 342 775 396; x_wconf 77' lang='lat' dir='ltr'><strong>Cliunringen.</strong></span> <span class='ocrx_word' id='word_1_7' title='bbox 813 336 989 390; x_wconf 86' lang='lat' dir='ltr'><strong>Dapifer</strong></span> <span class='ocrx_word' id='word_1_8' title='bbox 1034 336 1086 375; x_wconf 90' lang='lat' dir='ltr'><strong>de</strong></span> <span class='ocrx_word' id='word_1_9' title='bbox 1133 333 1385 385; x_wconf 85' lang='lat' dir='ltr'><strong>Velsperch.</strong></span> <span class='ocrx_word' id='word_1_10' title='bbox 1440 333 1610 374; x_wconf 89' lang='lat' dir='ltr'><strong>Ulricus</strong></span> <span class='ocrx_word' id='word_1_11' title='bbox 1667 332 1720 371; x_wconf 88' lang='lat' dir='ltr'><strong>de</strong></span> <span class='ocrx_word' id='word_1_12' title='bbox 1773 331 2013 383; x_wconf 87' lang='lat' dir='ltr'><strong>Habspach.</strong></span> 
     </span>
     <span class='ocr_line' id='line_1_5' title="bbox 174 401 2014 454; baseline -0.007 0"><span class='ocrx_word' id='word_1_13' title='bbox 174 415 399 454; x_wconf 90' lang='lat' dir='ltr'><strong>Heinricus</strong></span> <span class='ocrx_word' id='word_1_14' title='bbox 424 413 477 452; x_wconf 91' lang='lat' dir='ltr'><strong>de</strong></span> <span class='ocrx_word' id='word_1_15' title='bbox 503 408 826 452; x_wconf 87' lang='lat' dir='ltr'><strong>Hockenberch.</strong></span> <span class='ocrx_word' id='word_1_16' title='bbox 859 404 1112 445; x_wconf 87' lang='lat' dir='ltr'><strong>Wolfkerus</strong></span> <span class='ocrx_word' id='word_1_17' title='bbox 1145 403 1197 442; x_wconf 87' lang='lat' dir='ltr'><strong>de</strong></span> <span class='ocrx_word' id='word_1_18' title='bbox 1222 402 1405 441; x_wconf 87' lang='lat' dir='ltr'><strong>Parowe</strong></span> <span class='ocrx_word' id='word_1_19' title='bbox 1429 401 1663 441; x_wconf 74' lang='lat' dir='ltr'>Teutonici.</span> <span class='ocrx_word' id='word_1_20' title='bbox 1695 401 1862 440; x_wconf 90' lang='lat' dir='ltr'><strong>Potsco.</strong></span> <span class='ocrx_word' id='word_1_21' title='bbox 1894 401 2014 441; x_wconf 87' lang='lat' dir='ltr'><strong>Houl.</strong></span> 
     </span>
     <span class='ocr_line' id='line_1_6' title="bbox 176 467 2015 522; baseline -0.007 0"><span class='ocrx_word' id='word_1_22' title='bbox 176 483 348 522; x_wconf 87' lang='lat' dir='ltr'><strong>Borsso.</strong></span> <span class='ocrx_word' id='word_1_23' title='bbox 382 481 511 520; x_wconf 87' lang='lat' dir='ltr'><strong>cmilo.</strong></span> <span class='ocrx_word' id='word_1_24' title='bbox 554 483 596 518; x_wconf 91' lang='lat' dir='ltr'><strong>et</strong></span> <span class='ocrx_word' id='word_1_25' title='bbox 629 477 777 518; x_wconf 86' lang='lat' dir='ltr'><strong>Chuno</strong></span> <span class='ocrx_word' id='word_1_26' title='bbox 809 474 975 514; x_wconf 87' lang='lat' dir='ltr'><strong>fratres.</strong></span> <span class='ocrx_word' id='word_1_27' title='bbox 1016 472 1159 511; x_wconf 88' lang='lat' dir='ltr'><strong>Bohus</strong></span> <span class='ocrx_word' id='word_1_28' title='bbox 1193 469 1297 509; x_wconf 87' lang='lat' dir='ltr'><strong>filius</strong></span> <span class='ocrx_word' id='word_1_29' title='bbox 1340 467 1557 510; x_wconf 86' lang='lat' dir='ltr'><strong>Cerronis.</strong></span> <span class='ocrx_word' id='word_1_30' title='bbox 1597 469 1728 508; x_wconf 87' lang='lat' dir='ltr'><strong>Benis</strong></span> <span class='ocrx_word' id='word_1_31' title='bbox 1761 470 2015 510; x_wconf 84' lang='lat' dir='ltr'><strong>camerarius</strong></span> 
     </span>
     <span class='ocr_line' id='line_1_7' title="bbox 174 537 2016 591; baseline -0.009 -1"><span class='ocrx_word' id='word_1_32' title='bbox 174 551 290 590; x_wconf 87' lang='lat' dir='ltr'><strong>curie</strong></span> <span class='ocrx_word' id='word_1_33' title='bbox 330 554 484 589; x_wconf 85' lang='lat' dir='ltr'><strong>nostre.</strong></span> <span class='ocrx_word' id='word_1_34' title='bbox 527 547 680 586; x_wconf 87' lang='lat' dir='ltr'>lanczo</span> <span class='ocrx_word' id='word_1_35' title='bbox 722 548 763 583; x_wconf 90' lang='lat' dir='ltr'><strong>et</strong></span> <span class='ocrx_word' id='word_1_36' title='bbox 804 541 1018 581; x_wconf 88' lang='lat' dir='ltr'><strong>Hartlibus</strong></span> <span class='ocrx_word' id='word_1_37' title='bbox 1060 537 1226 577; x_wconf 83' lang='lat' dir='ltr'><strong>fratres.</strong></span> <span class='ocrx_word' id='word_1_38' title='bbox 1265 537 1410 577; x_wconf 87' lang='lat' dir='ltr'><strong>Milits.</strong></span> <span class='ocrx_word' id='word_1_39' title='bbox 1449 538 1656 591; x_wconf 88' lang='lat' dir='ltr'><strong>Rugerus</strong></span> <span class='ocrx_word' id='word_1_40' title='bbox 1688 537 1844 590; x_wconf 89' lang='lat' dir='ltr'><strong>longus</strong></span> <span class='ocrx_word' id='word_1_41' title='bbox 1876 537 2016 577; x_wconf 85' lang='lat' dir='ltr'><strong>etalii</strong></span> 
     </span>
     <span class='ocr_line' id='line_1_8' title="bbox 176 602 2016 670; baseline -0.01 -12"><span class='ocrx_word' id='word_1_42' title='bbox 176 629 295 670; x_wconf 85' lang='lat' dir='ltr'><strong>quam</strong></span> <span class='ocrx_word' id='word_1_43' title='bbox 328 618 480 668; x_wconf 90' lang='lat' dir='ltr'><strong>plures.</strong></span> <span class='ocrx_word' id='word_1_44' title='bbox 524 615 633 654; x_wconf 83' lang='lat' dir='ltr'><strong>Acta</strong></span> <span class='ocrx_word' id='word_1_45' title='bbox 666 616 761 651; x_wconf 89' lang='lat' dir='ltr'><strong>sunt</strong></span> <span class='ocrx_word' id='word_1_46' title='bbox 793 611 872 649; x_wconf 89' lang='lat' dir='ltr'><strong>hec</strong></span> <span class='ocrx_word' id='word_1_47' title='bbox 905 619 1013 647; x_wconf 92' lang='lat' dir='ltr'><strong>anno</strong></span> <span class='ocrx_word' id='word_1_48' title='bbox 1048 607 1247 646; x_wconf 88' lang='lat' dir='ltr'><strong>dominice</strong></span> <span class='ocrx_word' id='word_1_49' title='bbox 1280 605 1579 644; x_wconf 81' lang='lat' dir='ltr'><strong>incarnationis</strong></span> <span class='ocrx_word' id='word_1_50' title='bbox 1604 602 1829 647; x_wconf 85' lang='lat' dir='ltr'>MCCLII.</span> <span class='ocrx_word' id='word_1_51' title='bbox 1861 604 2016 646; x_wconf 80' lang='lat' dir='ltr'><strong>decime</strong></span> 
     </span>
     <span class='ocr_line' id='line_1_9' title="bbox 177 672 2017 730; baseline -0.005 -6"><span class='ocrx_word' id='word_1_52' title='bbox 177 685 423 724; x_wconf 84' lang='lat' dir='ltr'><strong>indictionis.</strong></span> <span class='ocrx_word' id='word_1_53' title='bbox 471 683 620 721; x_wconf 85' lang='lat' dir='ltr'><strong>Datum</strong></span> <span class='ocrx_word' id='word_1_54' title='bbox 643 679 747 730; x_wconf 86' lang='lat' dir='ltr'><strong>apud</strong></span> <span class='ocrx_word' id='word_1_55' title='bbox 776 676 1043 718; x_wconf 82' lang='lat' dir='ltr'><strong>Heimburch.</strong></span> <span class='ocrx_word' id='word_1_56' title='bbox 1068 685 1144 728; x_wconf 89' lang='lat' dir='ltr'><strong>per</strong></span> <span class='ocrx_word' id='word_1_57' title='bbox 1176 685 1319 715; x_wconf 85' lang='lat' dir='ltr'><strong>manus</strong></span> <span class='ocrx_word' id='word_1_58' title='bbox 1344 673 1536 729; x_wconf 81' lang='lat' dir='ltr'><strong>magistri</strong></span> <span class='ocrx_word' id='word_1_59' title='bbox 1563 672 1824 714; x_wconf 83' lang='lat' dir='ltr'><strong>willehalmi</strong></span> <span class='ocrx_word' id='word_1_60' title='bbox 1856 673 2017 714; x_wconf 83' lang='lat' dir='ltr'><strong>notarii.</strong></span> 
     </span>
     <span class='ocr_line' id='line_1_10' title="bbox 175 748 760 794; baseline -0.014 -1"><span class='ocrx_word' id='word_1_61' title='bbox 175 754 317 794; x_wconf 84' lang='lat' dir='ltr'><strong>qu.</strong></span> <span class='ocrx_word' id='word_1_62' title='bbox 349 750 564 791; x_wconf 82' lang='lat' dir='ltr'><strong>Kalendas</strong></span> <span class='ocrx_word' id='word_1_63' title='bbox 596 748 760 788; x_wconf 83' lang='lat' dir='ltr'><strong>Marcii.</strong></span> 
     </span>
    </p>
   </div>
   <div class='ocr_carea' id='block_1_5' title="bbox 484 833 1075 877">
    <p class='ocr_par' dir='ltr' id='par_1_5' title="bbox 484 833 1075 877">
     <span class='ocr_line' id='line_1_11' title="bbox 484 833 1075 877; baseline -0.007 -7"><span class='ocrx_word' id='word_1_64' title='bbox 484 839 592 870; x_wconf 76' lang='lat' dir='ltr'><strong>Kurz</strong></span> <span class='ocrx_word' id='word_1_65' title='bbox 615 855 656 860; x_wconf 89' lang='lat'>—</span> <span class='ocrx_word' id='word_1_66' title='bbox 680 837 880 877; x_wconf 72' lang='lat' dir='ltr'><strong>Beitriige</strong></span> <span class='ocrx_word' id='word_1_67' title='bbox 903 836 960 867; x_wconf 76' lang='lat' dir='ltr'><strong>lv.</strong></span> <span class='ocrx_word' id='word_1_68' title='bbox 985 833 1075 867; x_wconf 73' lang='lat'><strong>461.</strong></span> 
     </span>
    </p>
   </div>
   <div class='ocr_carea' id='block_1_6' title="bbox 968 950 1211 995">
    <p class='ocr_par' dir='ltr' id='par_1_6' title="bbox 968 950 1211 995">
     <span class='ocr_line' id='line_1_12' title="bbox 968 950 1211 995; baseline -0.012 0"><span class='ocrx_word' id='word_1_69' title='bbox 968 950 1211 995; x_wconf 82' lang='lat' dir='ltr'>CLXXVI.</span> 
     </span>
    </p>
   </div>
   <div class='ocr_carea' id='block_1_7' title="bbox 176 1029 2024 1507">
    <p class='ocr_par' dir='ltr' id='par_1_7' title="bbox 176 1029 2024 1507">
     <span class='ocr_line' id='line_1_13' title="bbox 281 1029 2022 1093; baseline -0.004 -7"><span class='ocrx_word' id='word_1_70' title='bbox 281 1029 606 1090; x_wconf 87' lang='lat' dir='ltr'><strong>Wenceslaus</strong></span> <span class='ocrx_word' id='word_1_71' title='bbox 638 1044 914 1084; x_wconf 88' lang='lat' dir='ltr'><strong>Bohemorum</strong></span> <span class='ocrx_word' id='word_1_72' title='bbox 946 1055 1025 1083; x_wconf 88' lang='lat' dir='ltr'><strong>rex</strong></span> <span class='ocrx_word' id='word_1_73' title='bbox 1057 1071 1067 1082; x_wconf 91' lang='lat'>.</span> <span class='ocrx_word' id='word_1_74' title='bbox 1100 1071 1110 1082; x_wconf 84' lang='grc'><strong>.</strong></span> <span class='ocrx_word' id='word_1_75' title='bbox 1143 1042 1344 1093; x_wconf 87' lang='lat' dir='ltr'><strong>capellam</strong></span> <span class='ocrx_word' id='word_1_76' title='bbox 1385 1042 1521 1081; x_wconf 87' lang='lat' dir='ltr'><strong>sancti</strong></span> <span class='ocrx_word' id='word_1_77' title='bbox 1551 1040 1771 1080; x_wconf 89' lang='lat' dir='ltr'><strong>Laurentii</strong></span> <span class='ocrx_word' id='word_1_78' title='bbox 1803 1052 1893 1080; x_wconf 91' lang='lat' dir='ltr'><strong>cum</strong></span> <span class='ocrx_word' id='word_1_79' title='bbox 1924 1039 2022 1080; x_wconf 83' lang='lat' dir='ltr'><strong>villa</strong></span> 
     </span>
     <span class='ocr_line' id='line_1_14' title="bbox 178 1109 2021 1165; baseline -0.004 -9"><span class='ocrx_word' id='word_1_80' title='bbox 178 1115 361 1157; x_wconf 84' lang='lat' dir='ltr'><strong>Cholecz</strong></span> <span class='ocrx_word' id='word_1_81' title='bbox 394 1114 515 1164; x_wconf 88' lang='lat' dir='ltr'><strong>eripit</strong></span> <span class='ocrx_word' id='word_1_82' title='bbox 547 1113 771 1164; x_wconf 75' lang='lat' dir='ltr'><strong>prepositis</strong></span> <span class='ocrx_word' id='word_1_83' title='bbox 812 1111 1257 1165; x_wconf 56' lang='lat' dir='ltr'><strong>XVissegradensibus</strong></span> <span class='ocrx_word' id='word_1_84' title='bbox 1298 1113 1470 1160; x_wconf 86' lang='lat' dir='ltr'><strong>propter</strong></span> <span class='ocrx_word' id='word_1_85' title='bbox 1503 1109 1742 1163; x_wconf 82' lang='lat' dir='ltr'><strong>neglectam</strong></span> <span class='ocrx_word' id='word_1_86' title='bbox 1782 1109 2021 1149; x_wconf 88' lang='lat' dir='ltr'><strong>solutionem</strong></span> 
     </span>
     <span class='ocr_line' id='line_1_15' title="bbox 177 1177 2021 1234; baseline -0.003 -12"><span class='ocrx_word' id='word_1_87' title='bbox 177 1195 333 1223; x_wconf 88' lang='lat' dir='ltr'><strong>census</strong></span> <span class='ocrx_word' id='word_1_88' title='bbox 376 1182 550 1234; x_wconf 73' lang='lat' dir='ltr'><strong>papalis7</strong></span> <span class='ocrx_word' id='word_1_89' title='bbox 590 1185 632 1220; x_wconf 93' lang='lat' dir='ltr'><strong>et</strong></span> <span class='ocrx_word' id='word_1_90' title='bbox 679 1180 805 1220; x_wconf 83' lang='lat' dir='ltr'><strong>tradit</strong></span> <span class='ocrx_word' id='word_1_91' title='bbox 844 1180 1005 1219; x_wconf 87' lang='lat' dir='ltr'><strong>decano</strong></span> <span class='ocrx_word' id='word_1_92' title='bbox 1046 1183 1088 1219; x_wconf 88' lang='lat' dir='ltr'><strong>et</strong></span> <span class='ocrx_word' id='word_1_93' title='bbox 1134 1179 1313 1230; x_wconf 85' lang='lat' dir='ltr'><strong>capitulo</strong></span> <span class='ocrx_word' id='word_1_94' title='bbox 1362 1178 1546 1217; x_wconf 90' lang='lat' dir='ltr'><strong>eiusdem</strong></span> <span class='ocrx_word' id='word_1_95' title='bbox 1586 1178 1783 1217; x_wconf 85' lang='lat' dir='ltr'><strong>ecclesie.</strong></span> <span class='ocrx_word' id='word_1_96' title='bbox 1845 1177 2021 1217; x_wconf 70' lang='lat' dir='ltr'><strong>Testes:</strong></span> 
     </span>
     <span class='ocr_line' id='line_1_16' title="bbox 176 1244 2023 1299; baseline -0.004 -8"><span class='ocrx_word' id='word_1_97' title='bbox 176 1254 316 1291; x_wconf 90' lang='lat' dir='ltr'><strong>Bruno</strong></span> <span class='ocrx_word' id='word_1_98' title='bbox 350 1250 604 1289; x_wconf 82' lang='lat' dir='ltr'><strong>venerabilis</strong></span> <span class='ocrx_word' id='word_1_99' title='bbox 635 1249 923 1289; x_wconf 86' lang='lat' dir='ltr'><strong>Olomucensis</strong></span> <span class='ocrx_word' id='word_1_100' title='bbox 956 1249 1192 1299; x_wconf 88' lang='lat' dir='ltr'><strong>episcopus.</strong></span> <span class='ocrx_word' id='word_1_101' title='bbox 1225 1245 1356 1286; x_wconf 85' lang='lat' dir='ltr'><strong>frater</strong></span> <span class='ocrx_word' id='word_1_102' title='bbox 1385 1244 1609 1287; x_wconf 81' lang='lat' dir='ltr'><strong>cunradus</strong></span> <span class='ocrx_word' id='word_1_103' title='bbox 1642 1246 1776 1286; x_wconf 90' lang='lat' dir='ltr'><strong>dictus</strong></span> <span class='ocrx_word' id='word_1_104' title='bbox 1809 1245 1861 1285; x_wconf 87' lang='lat' dir='ltr'><strong>de</strong></span> <span class='ocrx_word' id='word_1_105' title='bbox 1884 1245 2023 1285; x_wconf 79' lang='lat' dir='ltr'><strong>VVor-</strong></span> 
     </span>
     <span class='ocr_line' id='line_1_17' title="bbox 177 1313 2023 1368; baseline -0.003 -10"><span class='ocrx_word' id='word_1_106' title='bbox 177 1320 298 1359; x_wconf 85' lang='lat' dir='ltr'><strong>matia</strong></span> <span class='ocrx_word' id='word_1_107' title='bbox 333 1324 374 1358; x_wconf 89' lang='lat' dir='ltr'><strong>et</strong></span> <span class='ocrx_word' id='word_1_108' title='bbox 405 1318 696 1357; x_wconf 80' lang='lat' dir='ltr'><strong>Theodericus</strong></span> <span class='ocrx_word' id='word_1_109' title='bbox 729 1315 863 1356; x_wconf 87' lang='lat' dir='ltr'><strong>frater</strong></span> <span class='ocrx_word' id='word_1_110' title='bbox 896 1316 948 1356; x_wconf 91' lang='lat' dir='ltr'><strong>de</strong></span> <span class='ocrx_word' id='word_1_111' title='bbox 975 1316 1120 1355; x_wconf 90' lang='lat' dir='ltr'><strong>ordine</strong></span> <span class='ocrx_word' id='word_1_112' title='bbox 1153 1317 1348 1354; x_wconf 87' lang='lat' dir='ltr'><strong>minorum</strong></span> <span class='ocrx_word' id='word_1_113' title='bbox 1381 1316 1421 1353; x_wconf 93' lang='lat' dir='ltr'><strong>in</strong></span> <span class='ocrx_word' id='word_1_114' title='bbox 1446 1314 1608 1368; x_wconf 86' lang='lat' dir='ltr'><strong>Praga.</strong></span> <span class='ocrx_word' id='word_1_115' title='bbox 1642 1314 1859 1368; x_wconf 82' lang='lat' dir='ltr'><strong>Magister</strong></span> <span class='ocrx_word' id='word_1_116' title='bbox 1889 1313 2023 1354; x_wconf 86' lang='lat' dir='ltr'><strong>Iredo.</strong></span> 
     </span>
     <span class='ocr_line' id='line_1_18' title="bbox 178 1380 2024 1435; baseline -0.003 -8"><span class='ocrx_word' id='word_1_117' title='bbox 178 1387 439 1427; x_wconf 86' lang='lat' dir='ltr'><strong>lleribordus</strong></span> <span class='ocrx_word' id='word_1_118' title='bbox 473 1386 672 1426; x_wconf 82' lang='lat' dir='ltr'><strong>notarius.</strong></span> <span class='ocrx_word' id='word_1_119' title='bbox 719 1386 831 1425; x_wconf 84' lang='lat' dir='ltr'><strong>Acta</strong></span> <span class='ocrx_word' id='word_1_120' title='bbox 863 1388 960 1424; x_wconf 82' lang='lat' dir='ltr'><strong>sunt</strong></span> <span class='ocrx_word' id='word_1_121' title='bbox 991 1384 1071 1424; x_wconf 87' lang='lat' dir='ltr'><strong>hec</strong></span> <span class='ocrx_word' id='word_1_122' title='bbox 1103 1385 1144 1423; x_wconf 89' lang='lat' dir='ltr'><strong>in</strong></span> <span class='ocrx_word' id='word_1_123' title='bbox 1171 1383 1333 1435; x_wconf 68' lang='lat' dir='ltr'><strong>Lysan.</strong></span> <span class='ocrx_word' id='word_1_124' title='bbox 1366 1394 1476 1423; x_wconf 89' lang='lat' dir='ltr'><strong>anno</strong></span> <span class='ocrx_word' id='word_1_125' title='bbox 1507 1380 1733 1423; x_wconf 86' lang='lat' dir='ltr'>MCCLlI.</span> <span class='ocrx_word' id='word_1_126' title='bbox 1765 1382 1898 1434; x_wconf 87' lang='lat' dir='ltr'><strong>pridie</strong></span> <span class='ocrx_word' id='word_1_127' title='bbox 1928 1381 2024 1422; x_wconf 85' lang='lat' dir='ltr'><strong>Idus</strong></span> 
     </span>
     <span class='ocr_line' id='line_1_19' title="bbox 178 1453 1026 1507; baseline -0.004 -12"><span class='ocrx_word' id='word_1_128' title='bbox 178 1456 334 1507; x_wconf 84' lang='lat' dir='ltr'><strong>Aprilis</strong></span> <span class='ocrx_word' id='word_1_129' title='bbox 367 1466 442 1506; x_wconf 88' lang='lat' dir='ltr'><strong>per</strong></span> <span class='ocrx_word' id='word_1_130' title='bbox 474 1466 620 1494; x_wconf 84' lang='lat' dir='ltr'><strong>manus</strong></span> <span class='ocrx_word' id='word_1_131' title='bbox 652 1454 830 1493; x_wconf 86' lang='lat' dir='ltr'><strong>Arnoldi</strong></span> <span class='ocrx_word' id='word_1_132' title='bbox 862 1453 1026 1493; x_wconf 80' lang='lat' dir='ltr'><strong>notarii.</strong></span> 
     </span>
    </p>
   </div>
   <div class='ocr_carea' id='block_1_8' title="bbox 484 1549 1064 1594">
    <p class='ocr_par' dir='ltr' id='par_1_8' title="bbox 484 1549 1064 1594">
     <span class='ocr_line' id='line_1_20' title="bbox 484 1549 1064 1594; baseline 0 -10"><span class='ocrx_word' id='word_1_133' title='bbox 484 1551 848 1584; x_wconf 76' lang='lat' dir='ltr'><strong>Hammersclimidt</strong></span> <span class='ocrx_word' id='word_1_134' title='bbox 871 1561 948 1594; x_wconf 84' lang='lat' dir='ltr'><strong>pag.</strong></span> <span class='ocrx_word' id='word_1_135' title='bbox 975 1549 1064 1584; x_wconf 70' lang='lat'><strong>184.</strong></span> 
     </span>
    </p>
   </div>
   <div class='ocr_carea' id='block_1_9' title="bbox 973 1668 1239 1711">
    <p class='ocr_par' dir='ltr' id='par_1_9' title="bbox 973 1668 1239 1711">
     <span class='ocr_line' id='line_1_21' title="bbox 973 1668 1239 1711; baseline -0.011 0"><span class='ocrx_word' id='word_1_136' title='bbox 973 1668 1239 1711; x_wconf 76' lang='lat' dir='ltr'><strong>CLXXVII.</strong></span> 
     </span>
    </p>
   </div>
   <div class='ocr_carea' id='block_1_10' title="bbox 183 1742 2027 1952">
    <p class='ocr_par' dir='ltr' id='par_1_10' title="bbox 183 1742 2027 1952">
     <span class='ocr_line' id='line_1_22' title="bbox 324 1742 2025 1815; baseline -0.004 -13"><span class='ocrx_word' id='word_1_137' title='bbox 324 1742 561 1815; x_wconf 69' lang='lat' dir='ltr'><strong>Nicolaus,</strong></span> <span class='ocrx_word' id='word_1_138' title='bbox 601 1762 825 1812; x_wconf 89' lang='lat' dir='ltr'><strong>episcopus</strong></span> <span class='ocrx_word' id='word_1_139' title='bbox 865 1760 1121 1814; x_wconf 74' lang='lat' dir='ltr'><strong>Pragensis7</strong></span> <span class='ocrx_word' id='word_1_140' title='bbox 1167 1771 1224 1798; x_wconf 85' lang='lat' dir='ltr'><strong>ex</strong></span> <span class='ocrx_word' id='word_1_141' title='bbox 1263 1758 1456 1799; x_wconf 87' lang='lat' dir='ltr'><strong>mandato</strong></span> <span class='ocrx_word' id='word_1_142' title='bbox 1498 1759 1731 1798; x_wconf 90' lang='lat' dir='ltr'><strong>Innocentii</strong></span> <span class='ocrx_word' id='word_1_143' title='bbox 1770 1769 1905 1809; x_wconf 84' lang='lat' dir='ltr'><strong>papae</strong></span> <span class='ocrx_word' id='word_1_144' title='bbox 1951 1757 2025 1797; x_wconf 86' lang='lat' dir='ltr'><strong>IV.</strong></span> 
     </span>
     <span class='ocr_line' id='line_1_23' title="bbox 184 1827 2027 1881; baseline -0.003 -12"><span class='ocrx_word' id='word_1_145' title='bbox 184 1828 403 1869; x_wconf 85' lang='lat' dir='ltr'><strong>cruciferis</strong></span> <span class='ocrx_word' id='word_1_146' title='bbox 442 1830 662 1880; x_wconf 78' lang='lat' dir='ltr'><strong>hospitalis</strong></span> <span class='ocrx_word' id='word_1_147' title='bbox 704 1841 739 1869; x_wconf 90' lang='lat' dir='ltr'><strong>s.</strong></span> <span class='ocrx_word' id='word_1_148' title='bbox 779 1829 997 1868; x_wconf 81' lang='lat' dir='ltr'><strong>Francisci</strong></span> <span class='ocrx_word' id='word_1_149' title='bbox 1036 1828 1213 1881; x_wconf 86' lang='lat' dir='ltr'><strong>Pragae</strong></span> <span class='ocrx_word' id='word_1_150' title='bbox 1253 1839 1327 1878; x_wconf 91' lang='lat' dir='ltr'><strong>pro</strong></span> <span class='ocrx_word' id='word_1_151' title='bbox 1368 1827 1495 1881; x_wconf 85' lang='lat' dir='ltr'><strong>signo</strong></span> <span class='ocrx_word' id='word_1_152' title='bbox 1538 1828 1698 1866; x_wconf 84' lang='lat' dir='ltr'><strong>stellam</strong></span> <span class='ocrx_word' id='word_1_153' title='bbox 1740 1827 1909 1865; x_wconf 86' lang='lat' dir='ltr'><strong>rubeam</strong></span> <span class='ocrx_word' id='word_1_154' title='bbox 1941 1836 2027 1865; x_wconf 88' lang='lat' dir='ltr'><strong>cum</strong></span> 
     </span>
     <span class='ocr_line' id='line_1_24' title="bbox 183 1895 1868 1952; baseline -0.003 -14"><span class='ocrx_word' id='word_1_155' title='bbox 183 1898 310 1952; x_wconf 79' lang='lat' dir='ltr'><strong>signo</strong></span> <span class='ocrx_word' id='word_1_156' title='bbox 344 1899 482 1938; x_wconf 88' lang='lat' dir='ltr'><strong>crucis</strong></span> <span class='ocrx_word' id='word_1_157' title='bbox 516 1898 672 1937; x_wconf 88' lang='lat' dir='ltr'><strong>rubeae</strong></span> <span class='ocrx_word' id='word_1_158' title='bbox 706 1898 899 1937; x_wconf 85' lang='lat' dir='ltr'><strong>destinat.</strong></span> <span class='ocrx_word' id='word_1_159' title='bbox 962 1897 1034 1936; x_wconf 87' lang='lat' dir='ltr'><strong>Dt.</strong></span> <span class='ocrx_word' id='word_1_160' title='bbox 1067 1896 1257 1950; x_wconf 75' lang='lat' dir='ltr'><strong>Pragae⁷</strong></span> <span class='ocrx_word' id='word_1_161' title='bbox 1290 1896 1389 1935; x_wconf 84' lang='lat' dir='ltr'><strong>XV.</strong></span> <span class='ocrx_word' id='word_1_162' title='bbox 1422 1896 1518 1935; x_wconf 89' lang='lat' dir='ltr'><strong>Kal.</strong></span> <span class='ocrx_word' id='word_1_163' title='bbox 1550 1896 1679 1949; x_wconf 71' lang='lat' dir='ltr'><strong>Junii⁷</strong></span> <span class='ocrx_word' id='word_1_164' title='bbox 1718 1895 1868 1935; x_wconf 71' lang='lat'>1252.</span> 
     </span>
    </p>
   </div>
   <div class='ocr_carea' id='block_1_11' title="bbox 492 1985 1210 2020">
    <p class='ocr_par' dir='ltr' id='par_1_11' title="bbox 492 1985 1210 2020">
     <span class='ocr_line' id='line_1_25' title="bbox 492 1985 1210 2020; baseline -0.003 -1"><span class='ocrx_word' id='word_1_165' title='bbox 492 1988 655 2020; x_wconf 87' lang='lat' dir='ltr'><strong>Dobner</strong></span> <span class='ocrx_word' id='word_1_166' title='bbox 677 2007 719 2012; x_wconf 91' lang='lat'><strong>-—</strong></span> <span class='ocrx_word' id='word_1_167' title='bbox 743 1987 925 2019; x_wconf 81' lang='lat' dir='ltr'><strong>Annales</strong></span> <span class='ocrx_word' id='word_1_168' title='bbox 950 1987 986 2018; x_wconf 88' lang='lat' dir='ltr'><strong>T.</strong></span> <span class='ocrx_word' id='word_1_169' title='bbox 1011 1986 1088 2018; x_wconf 84' lang='lat' dir='ltr'><strong>Vll.</strong></span> <span class='ocrx_word' id='word_1_170' title='bbox 1112 1985 1210 2018; x_wconf 73' lang='lat' dir='ltr'>MSS.</span> 
     </span>
    </p>
   </div>
   <div class='ocr_carea' id='block_1_12' title="bbox 957 2103 1245 2146">
    <p class='ocr_par' dir='ltr' id='par_1_12' title="bbox 957 2103 1245 2146">
     <span class='ocr_line' id='line_1_26' title="bbox 957 2103 1245 2146; baseline -0.003 0"><span class='ocrx_word' id='word_1_171' title='bbox 957 2103 1245 2146; x_wconf 80' lang='lat' dir='ltr'>CLXXVIII.</span> 
     </span>
    </p>
   </div>
   <div class='ocr_carea' id='block_1_13' title="bbox 186 2195 2029 2456">
    <p class='ocr_par' dir='ltr' id='par_1_13' title="bbox 188 2195 2029 2251">
     <span class='ocr_line' id='line_1_27' title="bbox 188 2195 2029 2251; baseline -0.002 -14"><span class='ocrx_word' id='word_1_172' title='bbox 188 2198 411 2250; x_wconf 67' lang='lat' dir='ltr'><strong>Olalsarus.</strong></span> <span class='ocrx_word' id='word_1_173' title='bbox 445 2201 514 2251; x_wconf 71' lang='lat' dir='ltr'><strong>qui</strong></span> <span class='ocrx_word' id='word_1_174' title='bbox 546 2203 584 2239; x_wconf 79' lang='lat' dir='ltr'><strong>et</strong></span> <span class='ocrx_word' id='word_1_175' title='bbox 615 2200 826 2251; x_wconf 76' lang='lat' dir='ltr'><strong>Pi·emysl‚</strong></span> <span class='ocrx_word' id='word_1_176' title='bbox 860 2200 953 2238; x_wconf 60' lang='lat' dir='ltr'><strong>dum</strong></span> <span class='ocrx_word' id='word_1_177' title='bbox 984 2200 1183 2238; x_wconf 73' lang='lat' dir='ltr'><strong>Anslrz’ae</strong></span> <span class='ocrx_word' id='word_1_178' title='bbox 1215 2202 1254 2237; x_wconf 77' lang='lat' dir='ltr'><strong>el</strong></span> <span class='ocrx_word' id='word_1_179' title='bbox 1273 2198 1456 2249; x_wconf 57' lang='grc' dir='ltr'><strong>δίῳ-ἰαί),</strong></span> <span class='ocrx_word' id='word_1_180' title='bbox 1490 2210 1541 2236; x_wconf 83' lang='lat' dir='ltr'><strong>ac</strong></span> <span class='ocrx_word' id='word_1_181' title='bbox 1574 2196 1764 2237; x_wconf 76' lang='lat' dir='ltr'><strong>marchio</strong></span> <span class='ocrx_word' id='word_1_182' title='bbox 1796 2195 2029 2244; x_wconf 76' lang='lat' dir='ltr'><strong>,norm-iae,</strong></span> 
     </span>
    </p>

    <p class='ocr_par' dir='ltr' id='par_1_14' title="bbox 186 2263 2029 2319">
     <span class='ocr_line' id='line_1_28' title="bbox 186 2263 2029 2319; baseline -0.001 -16"><span class='ocrx_word' id='word_1_183' title='bbox 186 2267 386 2305; x_wconf 66' lang='lat' dir='ltr'><strong>ecelesiae</strong></span> <span class='ocrx_word' id='word_1_184' title='bbox 432 2280 464 2306; x_wconf 77' lang='lat' dir='ltr'><strong>s.</strong></span> <span class='ocrx_word' id='word_1_185' title='bbox 511 2269 728 2319; x_wconf 72' lang='lat' dir='ltr'><strong>Hippolyle‘</strong></span> <span class='ocrx_word' id='word_1_186' title='bbox 775 2269 819 2307; x_wconf 75' lang='lat' dir='ltr'><strong>in</strong></span> <span class='ocrx_word' id='word_1_187' title='bbox 864 2267 1075 2307; x_wconf 62' lang='lat' dir='ltr'><strong>Hradc&#39;sle&#39;</strong></span> <span class='ocrx_word' id='word_1_188' title='bbox 1125 2266 1427 2317; x_wconf 70' lang='lat' dir='ltr'><strong>(Pbltenbery)</strong></span> <span class='ocrx_word' id='word_1_189' title='bbox 1484 2267 1711 2316; x_wconf 76' lang='lat' dir='ltr'><strong>celerisque</strong></span> <span class='ocrx_word' id='word_1_190' title='bbox 1759 2265 1946 2304; x_wconf 75' lang='lat' dir='ltr'><strong>ecclesiis</strong></span> <span class='ocrx_word' id='word_1_191' title='bbox 1989 2263 2029 2300; x_wconf 80' lang='lat' dir='ltr'><strong>in</strong></span> 
     </span>
    </p>

    <p class='ocr_par' dir='ltr' id='par_1_15' title="bbox 190 2331 2029 2456">
     <span class='ocr_line' id='line_1_29' title="bbox 190 2331 2029 2387; baseline -0.002 -15"><span class='ocrx_word' id='word_1_192' title='bbox 190 2335 384 2372; x_wconf 57' lang='lat' dir='ltr'><strong>uorat-ia</strong></span> <span class='ocrx_word' id='word_1_193' title='bbox 418 2335 474 2373; x_wconf 78' lang='lat' dir='ltr'><strong>ad</strong></span> <span class='ocrx_word' id='word_1_194' title='bbox 505 2335 710 2387; x_wconf 73' lang='lat' dir='ltr'><strong>hospitale</strong></span> <span class='ocrx_word' id='word_1_195' title='bbox 742 2348 776 2375; x_wconf 79' lang='lat' dir='ltr'><strong>s.</strong></span> <span class='ocrx_word' id='word_1_196' title='bbox 809 2336 1040 2375; x_wconf 75' lang='lat' dir='ltr'><strong>Franciscz‘</strong></span> <span class='ocrx_word' id='word_1_197' title='bbox 1064 2336 1242 2386; x_wconf 72' lang='lat' dir='ltr'><strong>Proque</strong></span> <span class='ocrx_word' id='word_1_198' title='bbox 1270 2333 1572 2386; x_wconf 74' lang='lat' dir='ltr'><strong>pertinentibus</strong></span> <span class='ocrx_word' id='word_1_199' title='bbox 1605 2333 1797 2372; x_wconf 68' lang='lat' dir='ltr'><strong>diversas</strong></span> <span class='ocrx_word' id='word_1_200' title='bbox 1829 2331 2029 2372; x_wconf 75' lang='lat' dir='ltr'><strong>libertates</strong></span> 
     </span>
     <span class='ocr_line' id='line_1_30' title="bbox 405 2400 1822 2456; baseline -0.001 -16"><span class='ocrx_word' id='word_1_201' title='bbox 405 2403 602 2442; x_wconf 67' lang='lat' dir='ltr'><strong>concedit.</strong></span> <span class='ocrx_word' id='word_1_202' title='bbox 666 2405 739 2443; x_wconf 81' lang='lat' dir='ltr'><strong>DI.</strong></span> <span class='ocrx_word' id='word_1_203' title='bbox 771 2404 886 2456; x_wconf 78' lang='lat' dir='ltr'><strong>apud</strong></span> <span class='ocrx_word' id='word_1_204' title='bbox 917 2404 1162 2455; x_wconf 72' lang='lat' dir='ltr'><strong>Znoymam,</strong></span> <span class='ocrx_word' id='word_1_205' title='bbox 1203 2402 1325 2443; x_wconf 75' lang='lat' dir='ltr'>VIII.</span> <span class='ocrx_word' id='word_1_206' title='bbox 1360 2401 1463 2440; x_wconf 76' lang='lat' dir='ltr'><strong>Idas</strong></span> <span class='ocrx_word' id='word_1_207' title='bbox 1496 2401 1632 2452; x_wconf 71' lang='lat' dir='ltr'><strong>szz‘i,</strong></span> <span class='ocrx_word' id='word_1_208' title='bbox 1675 2400 1822 2440; x_wconf 73' lang='lat'>1252.</span> 
     </span>
    </p>
   </div>
   <div class='ocr_carea' id='block_1_14' title="bbox 192 2492 2031 2635">
    <p class='ocr_par' dir='ltr' id='par_1_16' title="bbox 192 2492 2031 2635">
     <span class='ocr_line' id='line_1_31' title="bbox 361 2492 2029 2566; baseline -0.003 -15"><span class='ocrx_word' id='word_1_209' title='bbox 361 2492 420 2551; x_wconf 81' lang='lat' dir='ltr'><strong>In</strong></span> <span class='ocrx_word' id='word_1_210' title='bbox 459 2513 618 2551; x_wconf 87' lang='lat' dir='ltr'><strong>nomine</strong></span> <span class='ocrx_word' id='word_1_211' title='bbox 657 2513 822 2553; x_wconf 88' lang='lat' dir='ltr'><strong>Domini</strong></span> <span class='ocrx_word' id='word_1_212' title='bbox 855 2515 984 2553; x_wconf 84' lang='lat' dir='ltr'><strong>nostri</strong></span> <span class='ocrx_word' id='word_1_213' title='bbox 1024 2524 1155 2552; x_wconf 86' lang='lat' dir='ltr'><strong>amen.</strong></span> <span class='ocrx_word' id='word_1_214' title='bbox 1226 2513 1315 2552; x_wconf 90' lang='lat' dir='ltr'><strong>Nos</strong></span> <span class='ocrx_word' id='word_1_215' title='bbox 1357 2512 1609 2566; x_wconf 59' lang='lat' dir='ltr'><strong>Otacharus7</strong></span> <span class='ocrx_word' id='word_1_216' title='bbox 1650 2511 1719 2562; x_wconf 85' lang='lat' dir='ltr'><strong>qvi</strong></span> <span class='ocrx_word' id='word_1_217' title='bbox 1761 2514 1803 2549; x_wconf 86' lang='lat' dir='ltr'><strong>et</strong></span> <span class='ocrx_word' id='word_1_218' title='bbox 1843 2507 2029 2553; x_wconf 64' lang='lat' dir='ltr'><strong>Premizl.</strong></span> 
     </span>
     <span class='ocr_line' id='line_1_32' title="bbox 192 2575 2031 2635; baseline -0.001 -21"><span class='ocrx_word' id='word_1_219' title='bbox 192 2576 256 2615; x_wconf 82' lang='lat' dir='ltr'><strong>dei</strong></span> <span class='ocrx_word' id='word_1_220' title='bbox 303 2579 453 2630; x_wconf 78' lang='lat' dir='ltr'><strong>gracia</strong></span> <span class='ocrx_word' id='word_1_221' title='bbox 494 2580 590 2618; x_wconf 84' lang='lat' dir='ltr'><strong>Dux</strong></span> <span class='ocrx_word' id='word_1_222' title='bbox 630 2583 800 2635; x_wconf 76' lang='lat' dir='ltr'><strong>austrie⁷</strong></span> <span class='ocrx_word' id='word_1_223' title='bbox 843 2582 985 2629; x_wconf 64' lang='lat' dir='ltr'><strong>Stirie.</strong></span> <span class='ocrx_word' id='word_1_224' title='bbox 1027 2586 1068 2620; x_wconf 86' lang='lat' dir='ltr'><strong>et</strong></span> <span class='ocrx_word' id='word_1_225' title='bbox 1108 2581 1300 2620; x_wconf 80' lang='lat' dir='ltr'><strong>Marchio</strong></span> <span class='ocrx_word' id='word_1_226' title='bbox 1341 2581 1550 2619; x_wconf 78' lang='lat' dir='ltr'><strong>Morauie.</strong></span> <span class='ocrx_word' id='word_1_227' title='bbox 1614 2578 1837 2618; x_wconf 85' lang='lat' dir='ltr'><strong>Vniuersis</strong></span> <span class='ocrx_word' id='word_1_228' title='bbox 1879 2575 2031 2617; x_wconf 83' lang='lat' dir='ltr'><strong>Christi</strong></span> 
     </span>
    </p>
   </div>
  </div>
 </body>
</html>
