2155 2928
1135 187 1204 228 78

1127 326 1220 365 CV.

244 433 362 474 Idem
391 432 597 486 fratribus
629 432 776 471 domus
813 431 1133 471 wentoniam-um
1172 430 1312 466 costra
1351 425 1706 478 „Stoi-kembercli
1738 429 1777 466 el
1813 425 2075 468 Goeenstein”

245 501 470 541 tenentibus
501 500 681 551 ηιαηᾱιιί,
706 502 751 538 uc
780 499 854 538 illa
881 500 1027 537 curent
1048 495 1270 546 custodire,
1296 507 1349 534 ne
1371 495 1429 535 ad
1449 507 1599 534 neonus
1632 494 1852 534 Fridericz·
1878 495 2080 546 quondam

384 570 649 620 irrepet-oloris
682 567 911 606 deveniant.
974 566 1047 604 Dt.
1079 563 1298 615 Lugduni,
1338 563 1384 604 V.
1416 563 1522 603 Idus
1556 563 1762 615 Octobris,
1801 563 1952 604 1247.

416 661 696 721 Innocentius
736 678 959 727 episcopus
999 686 1150 714 seruus
1183 685 1397 713 seruorum
1438 673 1519 713 dei.
1581 673 1758 713 Dilectis
1791 672 1882 713 filiis
1914 702 1925 712 .
1957 702 1968 713 .
1998 671 2084 714 fra-

245 747 376 788 tribus
404 747 544 786 domus
569 746 889 785 'I'eutonicorum
917 743 969 782 de
997 742 1325 784 Stat-kemberch
1352 745 1395 782 et
1426 742 1479 781 de
1506 741 1740 782 Gotensten
1772 746 1914 782 castra
1938 745 2085 783 tenen-

245 816 355 856 tibus
387 816 559 854 salutem
603 817 644 853 et
675 812 944 863 apostolicam
982 811 1325 852 benedictionem.
1388 810 1649 851 Presentium
1689 810 1811 850 vobis
1843 812 2082 851 auctoritate

244 885 285 923 in
316 885 470 922 virtute
503 881 738 921 obedientie
766 878 933 919 firmiter
964 879 1234 931 prepriendo
1267 878 1519 933 mandamus,
1548 882 1753 930 quatenus
1787 879 1839 918 de
1872 878 2086 919 Starkem-

245 951 378 990 berch
412 954 453 989 et
485 950 537 988 de
571 948 819 989 Gotenstein
851 952 1005 1002 castra,
1039 959 1119 1000 que
1153 948 1268 987 clare
1300 947 1650 987 memorie..dux
1681 948 1854 986 Austrie
1886 954 2082 998 tamquam

244 1017 593 1071 inexpugnabilia
634 1015 687 1055 ad
726 1019 911 1067 tempora
942 1017 1074 1070 longa
1113 1017 1294 1070 muniuit⁷
1335 1017 1491 1055 curetis
1524 1027 1615 1054 cum
1654 1017 1759 1054 omni
1799 1015 2016 1069 diligentia
2047 1019 2085 1056 et

241 1085 530 1137 sollicitudine,
562 1085 618 1124 ita
643 1084 752 1136 quod
786 1084 839 1123 ad
863 1096 1005 1123 manus
1038 1085 1085 1124 F.
1115 1084 1318 1136 quondam
1341 1084 1600 1134 imperatoris
1625 1083 1693 1122 vel
1725 1081 1927 1122 fautorum
1958 1084 2082 1134 ipsius

241 1153 464 1204 peruenire
497 1164 579 1191 nou
618 1152 801 1205 valeant,
835 1152 1060 1206 custodIre,
1100 1152 1331 1191 mandatum
1373 1155 1555 1191 nostrum
1595 1152 1636 1190 in
1669 1152 1747 1190 hac
1789 1156 1909 1201 parte
1948 1151 2082 1191 taliter

240 1220 455 1274 impleturi⁷
480 1220 588 1271 quod
612 1220 787 1259 studium
811 1224 995 1260 vestrum
1018 1232 1100 1259 non
1124 1221 1319 1259 immerito
1348 1219 1695 1271 commendantes,
1722 1223 1937 1259 teneamur
1959 1220 2076 1258 vobis

241 1288 415 1339 proinde
447 1288 499 1327 ad
533 1288 675 1327 merita
707 1290 952 1342 gratiarum.
991 1289 1062 1328 Dt.
1096 1288 1310 1343 Lugduni,
1347 1288 1398 1327 V.
1429 1288 1530 1328 Idus
1564 1288 1773 1328 Octobris.
1815 1286 2078 1328 Pontificatus

241 1357 372 1396 nostri
404 1368 512 1396 anno
545 1357 699 1408 quinto.

549 1454 603 1486 Ex
626 1453 760 1486 eodem
783 1455 966 1497 Regesto
989 1474 1031 1478 —
1055 1456 1149 1496 epist.
1174 1452 1267 1486 240.

1109 1619 1224 1662 CVI.

239 1722 355 1762 Idem
388 1722 520 1762 Petro
552 1722 778 1773 cardinali,
818 1723 1073 1774 apostolicae
1105 1723 1217 1762 sedis
1260 1724 1408 1775 Iefflzlo,
1441 1723 1623 1774 mandat,
1665 1726 1711 1762 nt
1745 1722 2081 1774 archiepiscopos
2144 1724 2146 1744 ῑ

240 1794 278 1830 cl
298 1792 516 1843 episcopos
543 1791 772 1830 Frz'derz‘co
799 1791 1005 1842 quondam
1025 1792 1269 1843 imperatori
1293 1792 1565 1831 adhaerentes
1590 1794 1766 1832 Romam
1802 1793 1905 1841 citet,
1932 1790 2082 1829 nobiles
2144 1788 2145 1803 ¹

239 1872 337 1899 vero
370 1861 562 1899 censuris
594 1860 891 1899 ecclesiasticis
929 1860 979 1899 ab
1013 1860 1086 1899 illo
1118 1863 1292 1899 revocet.
1357 1861 1428 1899 De.
1468 1859 1685 1911 lausduni,
1726 1859 1822 1899 VII.
1856 1857 2072 1898 Kalendas

931 1928 1195 1980 Novembris,
1236 1928 1388 1969 1247.

409 2010 691 2070 Innocentius
725 2030 950 2081 episcopus
982 2041 1134 2070 seruus
1167 2041 1383 2069 seruorum
1416 2029 1495 2069 dei.
1549 2030 1597 2068 P.
1637 2031 1771 2069 sancti
1812 2029 1990 2084 Georgii
2027 2027 2074 2068 ad

239 2097 374 2136 velum
406 2109 575 2137 aureum
599 2098 774 2138 diacono
807 2098 1022 2151 cardinali⁷
1052 2098 1293 2148 Apostolice
1326 2098 1452 2138 Sedis
1485 2098 1670 2152 Legato,
1704 2099 1876 2137 salutem
1911 2102 1952 2137 et
1982 2108 2079 2148 apo·
2138 2107 2139 2110 ’

241 2165 425 2204 stolicam
457 2166 802 2206 benedictionem.
865 2166 992 2205 Dolet
1032 2170 1074 2205 et
1106 2167 1250 2206 dolere
1291 2167 1416 2206 debet
1449 2167 1632 2207 ecclesia
1667 2168 1900 2221 generalis,
1934 2170 1975 2205 et
2006 2175 2076 2204 nos
2135 2222 2137 2226 v

241 2243 328 2271 cum
363 2244 428 2287 ea7
462 2237 504 2272 et
544 2246 618 2285 pro
653 2245 704 2274 ea
737 2234 920 2274 dolemus
963 2235 1173 2285 plurimum
1205 2238 1247 2275 et
1278 2235 1504 2287 turbamur,
1544 2247 1633 2274 cum
1666 2235 1851 2274 audimus
1885 2234 2076 2285 prelatos,

241 2301 307 2350 qui
346 2306 659 2351 persecutorum
698 2300 892 2356 flammas,
933 2304 1081 2354 quibus
1122 2304 1310 2342 exuritur
1349 2303 1534 2342 ecclesia
1572 2304 1613 2342 in
1653 2304 1839 2354 presenti
1882 2303 2079 2342 deberent
2134 2319 2135 2341 z

242 2368 512 2422 extinguere„
545 2383 627 2409 non
659 2371 787 2410 solum
821 2371 929 2411 nolle
962 2370 1220 2411 defensionis
1247 2384 1404 2411 manum
1439 2373 1769 2422 persecutionum
1803 2371 1974 2423 ignibus
2005 2368 2077 2409 ad·
2132 2380 2134 2414 J

243 2434 401 2487 hibere,
435 2448 577 2476 verum
611 2439 732 2477 etiam
765 2439 1059 2489 quodammodo
1092 2441 1220 2493 ignes
1253 2440 1491 2479 accendere
1516 2440 1703 2493 ignibus7
1736 2439 1908 2479 eandem
1941 2437 2077 2477 eccle·
2130 2465 2132 2474 1

245 2502 344 2540 siam
386 2504 656 2553 multipliciter
704 2508 1010 2558 persequendo.
1075 2507 1178 2548 Cum
1220 2508 1326 2546 enim
1365 2537 1374 2547 .
1419 2537 1428 2545 .
1474 2508 1901 2561 Magdeburgensem
1941 2505 2076 2544 archi·
2130 2555 2131 2558 Ἴ

245 2570 482 2618 episcopum
522 2576 563 2609 et
604 2601 613 2609 .
647 2601 656 2610 .
695 2574 989 2614 Patauiensem
1031 2587 1082 2614 ac
1125 2603 1133 2612 .
1169 2604 1177 2613 .
1220 2576 1476 2615 Frisiensem
1516 2578 1738 2626 episcopos
1779 2576 1892 2613 velut
1931 2573 2075 2612 nobilia
