2155 2928
257 345 421 384 soribus
459 345 500 384 in
540 347 794 395 perpetuum.
857 340 921 381 Ad
969 337 1280 391 promerendam
1319 340 1466 376 eterne
1513 337 1598 376 vite
1644 336 1935 378 beatitudinem
1974 343 2085 381 tanto

256 412 410 452 debent
450 423 676 465 regnorum
716 413 905 448 rectores
947 411 989 446 et
1030 406 1330 457 prouinciarum
1367 405 1577 454 principes
1615 404 1843 444 studiosius
1875 406 2086 464 anhelare,

257 484 407 531 quanto
432 481 470 521 in
495 480 618 518 terris
649 491 674 517 a
697 478 825 530 Rege
848 477 1014 528 Regum
1041 477 1186 512 eterno
1211 483 1285 523 pre
1309 472 1464 511 ceteris
1494 476 1589 510 sunt
1614 473 1911 523 temporalibus
1938 474 2085 516 diuitiis

256 547 418 600 prediti,
451 551 492 586 et
515 545 823 585 excellentioris
849 543 1030 593 potentie
1063 540 1201 591 tytulis
1228 540 1439 593 insigniti3
1473 540 1582 592 quia,
1608 540 1699 578 dum
1731 553 1755 579 a
1781 552 1856 580 suo
1883 548 2084 598 creatore,

257 626 373 666 quam
407 614 560 653 habent
593 612 825 663 potentiam,
850 610 999 648 deuote
1031 611 1360 661 recognoscunt,
1391 619 1467 646 sua
1501 605 1692 647 felicitius
1719 608 1904 647 altissimi
1936 610 2084 651 virtute

255 680 399 735 Regni
432 681 645 731 possident
685 677 988 732 gubernacula,
1028 680 1068 715 et
1100 675 1152 714 ad
1192 676 1318 728 regni
1351 675 1520 714 celestis
1560 676 1738 728 gloriam
1771 676 1907 716 diuina
1940 677 2084 719 suffuiti

253 750 470 788 clementia
518 751 688 798 possunt
736 744 927 784 sacilitius
974 744 1211 794 peruenire.
1274 743 1390 782 Inter
1437 743 1665 782 huiusmodi
1706 755 1810 782 sane
1857 748 2083 786 nostrarum

253 817 626 856 considerationum
674 825 812 865 curaS,
853 812 998 863 quibus
1047 822 1212 861 semper
1257 811 1456 850 altissimo
1499 812 1679 851 creatori
1726 816 1868 851 nostro
1918 812 2082 862 placere

252 885 510 935 proponimus
537 882 701 932 pietatis
733 880 941 932 operibuS,
968 882 1087 930 prout
1110 879 1237 930 ipsius
1268 880 1552 918 misericordia
1581 880 1700 919 nobis
1727 881 1930 934 promittit,
1955 881 2082 921 altiori

251 956 384 990 mente
417 950 676 1000 reuoluimus,
710 947 885 998 qualiter
910 947 1117 986 ecclesias
1151 947 1287 987 diuino
1312 948 1436 986 cultui
1470 948 1702 1001 deputatas,
1730 951 1771 987 et
1799 949 1912 987 uiros
1945 949 2082 988 eccle-

249 1020 458 1069 siasticos,
498 1017 563 1067 qni
610 1017 649 1054 in
691 1015 792 1065 ipsis
835 1016 1030 1054 ecclesiis
1077 1014 1233 1056 Christi
1277 1016 1491 1069 sanguine
1531 1016 1724 1055 libertate
1766 1016 1928 1055 donatis
1973 1017 2082 1056 uelut

249 1085 445 1135 splendor
471 1082 635 1137 fulgent
659 1081 897 1121 firmamenti
924 1081 1214 1122 beneficiorum
1245 1087 1476 1123 nostrorum
1507 1081 1791 1123 munificentiis
1823 1083 2081 1137 honoremus,

246 1155 289 1190 ut
314 1155 495 1202 tempore
518 1151 737 1189 messionis
771 1155 957 1190 extreme
990 1163 1077 1191 cum
1107 1153 1368 1203 multiplicato
1399 1150 1535 1191 fructu
1566 1152 1864 1205 recolligamus
1897 1153 1936 1191 in
1968 1153 2080 1192 celis.

246 1219 352 1270 quod
386 1220 424 1257 in
446 1219 569 1257 terris
602 1219 668 1269 pie
696 1218 928 1258 deuotionis
954 1218 1103 1259 affectu
1133 1220 1184 1258 ob
1210 1221 1343 1259 eterni
1372 1220 1493 1273 regis
1521 1221 1798 1259 reuerentiam
1823 1221 2077 1260 seminamus.

242 1285 359 1328 Sane
392 1290 432 1325 et
464 1287 499 1324 si
532 1286 760 1325 catholicus
794 1287 963 1337 quilibet
995 1289 1194 1327 vniuersa
1225 1289 1340 1342 legis
1373 1292 1571 1338 precepta
1605 1287 1834 1341 diligenter
1865 1288 2079 1328 attendere

244 1353 407 1406 debeat,
441 1354 560 1392 multo
593 1352 738 1393 fortius
771 1354 850 1393 hoc
884 1353 1026 1393 facere
1058 1359 1251 1394 tenentur
1283 1357 1506 1408 principes,
1540 1356 1605 1407 qui
1640 1356 1679 1394 in
1712 1367 1760 1395 se
1792 1356 1894 1406 ipsis
1927 1355 2078 1396 debent

243 1421 479 1475 ostendere,
521 1422 698 1473 qualiter
739 1433 879 1461 eorum
911 1423 1062 1462 subditi
1104 1425 1143 1462 in
1178 1424 1307 1462 oculis
1347 1425 1505 1474 possint
1537 1424 1674 1462 diuine
1707 1424 1933 1462 maiestatis
1966 1435 2076 1463 com-

241 1489 424 1541 placere,
457 1492 497 1528 et
535 1490 598 1528 sic
630 1501 707 1540 per
746 1490 854 1530 bona
887 1493 1068 1530 transire
1108 1492 1360 1545 temporalia,
1393 1496 1438 1530 vt
1470 1496 1617 1530 eterne
1657 1492 1797 1545 glorie
1829 1490 1964 1530 fructu
1995 1503 2073 1530 non

241 1558 465 1607 priuentur.
529 1555 632 1597 Cum
674 1558 805 1611 igitur
846 1558 984 1598 diuine
1022 1560 1136 1612 legis
1168 1561 1221 1599 sit
1260 1563 1518 1610 preceptum:
1561 1560 1735 1598 Honora
1775 1559 1893 1598 deum
1926 1559 1978 1598 de
2008 1562 2076 1598 tua

244 1625 492 1678 substantia,
533 1626 639 1677 quod
674 1626 725 1665 de
765 1627 969 1666 solutione
1011 1627 1258 1666 decimarum
1298 1625 1388 1666 sore
1428 1627 1575 1666 dictum
1615 1628 1832 1666 euidenter
1873 1627 2076 1681 intelligit,

241 1694 305 1743 qui
339 1693 564 1743 prudenter
595 1694 782 1734 attendit.
845 1695 1046 1734 Dominus
1081 1696 1185 1734 enim
1225 1706 1276 1733 ac
1309 1694 1543 1745 redemptor
1575 1699 1733 1748 noster,
1766 1696 1831 1746 qui
1865 1696 1952 1734 suis
1983 1695 2076 1733 vni-

238 1771 363 1799 uersa
400 1762 725 1801 misericorditer
764 1763 904 1802 tribuit
944 1764 1165 1816 creaturis,
1205 1763 1284 1802 sibi
1325 1763 1507 1802 decimas
1547 1764 1586 1802 in
1628 1765 1795 1817 signum
1830 1763 2075 1802 vniuersalis

239 1827 399 1866 dominii
439 1831 687 1883 reseruauit,
727 1841 832 1882 quas
873 1842 948 1882 per
994 1835 1118 1870 totum
1168 1831 1309 1870 orbem
1355 1834 1557 1870 terrarum
1605 1833 1643 1870 in
1685 1844 1849 1871 suorum
1888 1831 2074 1882 personis

239 1896 480 1935 seruitorum
512 1909 536 1936 a
568 1898 717 1948 populo
759 1899 850 1937 sine
891 1900 1220 1939 contradictione
1260 1900 1444 1951 qualibet
1482 1900 1629 1950 recipit
1668 1899 1907 1938 christiano.
1970 1898 2074 1938 Sunt

240 1963 342 2000 enim
383 1963 538 2002 decime
577 1965 728 2004 tributa
770 1967 983 2019 egentium
1022 1968 1246 2007 animarum
1285 1970 1325 2006 et
1365 1967 1552 2006 subsidia
1593 1967 1873 2007 extollentium
1913 1977 2073 2019 organa

237 2029 373 2069 diuine
405 2031 551 2085 laudis,
584 2044 688 2083 quas
717 2034 783 2084 qui
817 2035 997 2087 clericiS,
1024 2035 1137 2074 innuo
1169 2037 1311 2074 uerius
1339 2036 1416 2086 ipsi
1450 2035 1527 2074 deo
1561 2035 1778 2089 subtrahit,
1811 2035 1879 2074 uel
1911 2034 2073 2074 soluere

236 2098 492 2151 contradicit,
533 2101 804 2154 sacrilegium
846 2102 1065 2142 euidenter
1107 2103 1290 2156 incurrit,
1333 2107 1375 2142 et
1407 2103 1627 2154 improbum
1669 2101 1766 2142 surti
1809 2103 1964 2141 crimen
1995 2112 2072 2140 non

236 2165 387 2218 euadit,
421 2168 514 2218 quia
547 2179 631 2206 rem
665 2173 897 2209 contractat
929 2171 1103 2210 alienam
1135 2172 1262 2210 inuito
1296 2171 1456 2210 domino
1489 2171 1751 2210 dominorum.
1809 2170 1899 2209 Nos
1933 2170 2071 2223 igitur,

235 2232 301 2282 qui
340 2243 396 2271 ex
436 2238 632 2285 suscepte
673 2236 890 2290 dignitatis
939 2237 1072 2278 officio
1114 2239 1324 2278 vniuersis
1373 2239 1583 2292 ecclesiis,
1622 2240 1662 2278 in
1703 2239 1890 2277 districtu
1930 2236 2072 2277 domini

235 2301 362 2338 nostri
395 2303 640 2356 constitutis,
673 2305 852 2344 debitam
893 2317 1070 2346 seruare
1102 2310 1290 2346 tenemur
1321 2307 1564 2360 libertatem,
1606 2310 1648 2345 et
1681 2310 1846 2345 nostros
1879 2318 1903 2345 a
1935 2305 2071 2344 scele-

237 2367 335 2404 ratis
367 2368 526 2408 actibus
564 2371 751 2411 subditos
784 2373 1000 2427 cohibere,
1028 2374 1147 2413 uobis
1181 2378 1220 2414 et
1244 2374 1565 2414 successoribus
1597 2375 1751 2413 uestris
1784 2375 2071 2425 imperpetuum

235 2433 297 2471 ius
337 2432 619 2476 olomucensis
660 2441 843 2480 ecclesie
887 2453 938 2480 ac
985 2443 1157 2481 omnium
1195 2443 1367 2481 aliarum
1415 2442 1684 2495 declarando,
1737 2453 1813 2493 per
1851 2442 2069 2492 presentes

238 2499 394 2537 litteras
428 2501 701 2559 indulgemus,
732 2512 776 2547 ut
797 2521 874 2559 per
906 2512 1029 2548 totam
1053 2510 1263 2560 dyocesim
1297 2510 1611 2549 Olomucensem
1636 2509 1817 2549 decimas
1850 2507 2070 2548 secundum

236 2563 401 2604 sormam
426 2578 623 2608 canonum
649 2575 856 2624 recipiatis
878 2580 918 2614 et
944 2577 1130 2629 exigatis
1157 2589 1211 2615 ex
1228 2577 1413 2630 integro,
1433 2577 1624 2616 inuocato
1650 2577 1702 2616 ad
1722 2577 1814 2630 hoc,
1840 2577 1876 2615 si
1892 2583 2068 2615 necesse
