2155 2928
955 159 1058 199 405

87 288 284 333 Ceterum
308 291 544 331 ordinamus
578 295 620 331 et
644 293 856 333 statuimus
889 295 1186 335 deliberatione
1218 299 1388 348 prouida
1413 304 1453 339 et
1477 308 1710 353 perpetuum
1743 308 1910 347 deside-

86 371 222 399 ramus
271 358 468 398 firmitatis
515 360 643 398 robur
690 361 871 413 habere7
921 363 1029 412 quod
1075 364 1172 401 villa
1219 366 1466 416 episcopalis
1513 370 1562 407 de
1602 370 1774 411 Ghelzz‘z
1823 387 1911 413 cum

87 427 273 466 omnibus
313 428 539 467 attinentiis
579 429 680 479 suiS,
726 432 767 466 et
814 429 894 467 due
941 441 1079 468 marce
1125 442 1204 481 que
1253 432 1304 470 de
1346 435 1553 473 curticulis
1595 438 1698 486 apud
1740 440 1913 479 Olomuz

87 495 294 534 annuatim
334 495 581 545 proueniunt
621 494 674 533 ad
708 493 946 535 canonicos
987 503 1152 536 nostros
1198 499 1249 537 ad
1290 501 1591 540 ministrandum
1631 505 1730 554 ipsis
1771 518 1913 555 panem

87 562 349 601 cottidianum
390 567 589 612 perpetuo
630 562 813 602 debeant
854 565 1077 613 pertinere.
1141 566 1382 617 Danturque
1429 568 1480 607 de
1524 572 1787 619 prouentibus
1826 575 1914 612 istis

87 630 236 668 annuis
268 629 437 668 cottidie
481 633 522 667 et
565 640 640 679 per
678 631 801 668 totum
834 642 979 669 annum
1014 631 1223 671 Canonico
1262 635 1426 673 cuilibet
1459 639 1641 685 presenti
1677 651 1756 677 vna
1789 641 1916 679 simila

86 700 131 737 et
161 698 279 747 panis
311 708 418 735 unus
450 697 584 735 albus.
617 700 659 736 et
690 698 844 750 viginti
876 699 1107 737 scolaribus
1147 701 1214 750 qui
1252 701 1416 740 chorum
1455 701 1720 753 frequentant
1752 707 1916 745 cottidie

90 764 239 803 dantur
279 764 460 814 quolibet
499 764 565 802 die
607 765 758 817 viginti
802 777 933 815 panes
979 771 1020 805 et
1066 768 1229 806 totidem
1268 769 1375 818 ciphi
1416 772 1595 809 ceruisie
1635 777 1676 810 et
1715 777 1837 812 totum
1876 774 1915 812 in

91 836 209 870 certa
241 842 436 869 mensura
469 836 510 870 et
533 831 671 869 debita
705 833 943 882 quantitate.
984 834 1081 872 Item
1110 838 1151 872 ut
1178 834 1375 874 Canonici
1401 837 1452 875 de
1475 840 1774 888 superpelliciis
1800 841 1916 879 bonis

87 898 166 937 sibi
199 898 445 948 prouideant
477 904 518 937 et
549 898 750 938 honestis.
791 904 883 938 octo
923 901 1075 940 talenta
1116 902 1166 940 de
1201 903 1461 942 decimalibus
1495 905 1676 944 denariis
1708 918 1782 956 per
1815 907 1915 946 Olo-

87 976 322 1005 mucensem
354 965 735 1004 archidiaconatum
769 969 996 1018 percipient
1028 971 1243 1008 annuatim.
1285 971 1381 1008 {tem
1408 972 1457 1009 ad
1484 978 1654 1021 quatuor
1679 974 1914 1023 prebendas

86 1044 163 1084 per
195 1045 272 1071 nos
297 1037 465 1072 creatas
492 1034 531 1072 in
559 1033 819 1072 Olomucensi
854 1036 1035 1073 ecclesia
1069 1036 1208 1074 damus
1239 1039 1462 1090 sexaginta
1497 1039 1639 1077 laneos
1673 1041 1711 1078 in
1742 1040 1836 1078 villa
1862 1040 1914 1078 de

87 1100 428 1152 F1·ilzendorplt;
462 1112 541 1151 que
573 1101 652 1139 sita
687 1106 752 1140 est
785 1103 823 1140 in
848 1102 1033 1141 districtu
1067 1103 1257 1142 bonorum
1291 1116 1369 1154 que
1401 1110 1496 1155 aput
1522 1105 1715 1144 Comitem
1748 1108 1912 1145 emimus

86 1168 282 1207 adiuncta
323 1169 462 1207 villula
503 1169 729 1218 episcopali
779 1180 858 1219 que
906 1174 1075 1208 uocatur
1123 1171 1322 1221 ”itania-‚-
1368 1173 1478 1209 circa
1520 1172 1659 1212 Crele'z·
1699 1178 1739 1212 et
1778 1174 1913 1212 habet.

87 1239 180 1276 octo
219 1236 378 1275 laneos.
420 1236 594 1274 adiectis
638 1237 768 1274 eciam
811 1237 952 1275 decem
993 1238 1156 1276 talentis
1197 1238 1246 1276 de
1289 1239 1548 1277 decimalibus
1591 1240 1772 1278 denariis
1813 1240 1912 1279 Olo-

86 1304 294 1343 mucensis
327 1303 703 1355 archidiaconatus,
747 1315 912 1353 quorum
953 1306 1071 1343 arinis
1104 1306 1281 1357 singulis
1315 1307 1490 1356 quinque
1523 1307 1671 1345 cedent
1704 1308 1911 1357 preposito

88 1370 352 1411 olomucensi
392 1374 434 1409 et
473 1371 651 1421 quinque
691 1372 990 1410 obedientiario
1035 1378 1076 1411 vt
1118 1373 1268 1410 illarum
1310 1373 1605 1422 prebendarum
1639 1372 1837 1413 Canonici
1871 1375 1911 1412 in

85 1439 322 1477 cottidianis
356 1438 711 1478 distributionibus
745 1451 833 1478 cum
862 1440 952 1477 aliis
978 1439 1201 1478 Canonicis
1233 1441 1311 1477 sint
1346 1441 1563 1489 participes
1597 1445 1637 1478 et
1668 1452 1911 1479 communes.

85 1506 186 1546 Item
227 1506 267 1545 in
306 1506 450 1545 eodem
491 1506 676 1545 districtu
719 1512 760 1545 et
801 1507 906 1545 silua
947 1507 1081 1545 adhuc
1121 1507 1360 1556 extirpanda
1403 1506 1645 1545 conserimus
1691 1512 1731 1545 et
1770 1507 1910 1546 damus

86 1577 248 1612 centum
294 1573 440 1612 laneos
479 1574 531 1612 ad
575 1574 887 1612 conuentualem
928 1573 1226 1613 Canonicorum
1271 1575 1484 1612 ecclesiam
1533 1574 1580 1614 S.
1620 1576 1822 1612 ,llam-icit·
1868 1575 1911 1612 in

87 1639 320 1691 cremeser,
367 1641 419 1679 ad
460 1652 579 1692 quam
621 1643 749 1680 eciam
792 1642 955 1691 capituli
996 1643 1122 1679 nostri
1164 1643 1460 1679 interueniente
1500 1652 1707 1679 consensu
1749 1641 1910 1678 villulas

85 1708 350 1758 episcopales
392 1707 444 1747 de
475 1709 684 1747 Jlerteniz
723 1708 774 1747 de
808 1709 939 1748 Belen
979 1708 1029 1746 de
1064 1708 1213 1748 Cassiz
1254 1720 1332 1758 que
1370 1708 1520 1746 habent
1560 1720 1698 1746 omnes
1737 1709 1909 1760 triginta

86 1780 179 1814 octo
210 1775 372 1828 laneos7
416 1779 459 1814 vt
497 1775 548 1814 ad
591 1776 829 1826 prebendas
870 1777 996 1826 ipsius
1030 1776 1209 1813 ecclesie
1249 1780 1444 1825 perpetuo
1479 1775 1656 1812 debeant
1689 1776 1908 1823 pertinere.

85 1841 198 1882 Villa
223 1853 325 1882 vero
351 1843 561 1882 Mei-teniz
594 1844 707 1893 prius
740 1843 973 1894 pertinebat
999 1843 1049 1881 ad
1075 1854 1221 1892 corpus
1248 1843 1365 1879 vuius
1393 1841 1600 1890 prebende
1627 1840 1908 1879 Olomucensis

84 1910 160 1949 sed
203 1911 298 1961 quia
341 1910 507 1949 adiacet
538 1911 721 1949 ecclesie
765 1911 816 1949 de
850 1910 1072 1950 Cremeser
1115 1911 1152 1947 in
1192 1910 1520 1959 permutationem
1563 1909 1690 1957 ipsius
1725 1907 1906 1945 dedimus

85 1978 221 2017 villam
256 1978 533 2029 episcopalem
563 1978 616 2017 de
642 1979 843 2030 Biscopiz
876 1978 990 2029 apud
1010 1977 1192 2026 θήρα-ἐπ,
1224 1987 1428 2014 consensu
1463 1987 1587 2025 super
1619 1975 1695 2013 hoc
1729 1975 1904 2023 capitulo

83 2045 323 2085 adhibente.
394 2046 463 2084 Ad
502 2048 799 2097 preposituram
845 2056 947 2083 vero
999 2045 1049 2083 de
1086 2042 1307 2084 Cremeser
1346 2043 1484 2081 damus
1527 2042 1699 2080 villulam
1739 2042 1906 2090 episco-

87 2113 219 2163 palem
261 2113 313 2152 de
346 2111 571 2153 Gernowiz
610 2125 690 2165 que
729 2114 854 2152 habet
895 2124 974 2150 sex
1005 2112 1148 2149 laneos
1188 2114 1228 2149 et
1268 2110 1451 2148 allodium
1492 2121 1611 2147 vnum
1651 2108 1756 2158 quod
1783 2108 1907 2146 habet

85 2182 248 2219 vnicam
268 2184 489 2220 araturam.
520 2182 621 2220 Item
648 2181 875 2232 quindecim
899 2183 994 2218 sunt
1020 2182 1061 2217 et
1085 2189 1181 2216 esse
1206 2177 1355 2216 debent
1379 2177 1520 2214 altaria
1547 2177 1586 2213 in
1610 2176 1697 2225 ipsa
1722 2175 1905 2213 ecclesia

87 2246 141 2286 de
173 2247 412 2301 Cremeser,
452 2260 620 2300 quorum
659 2253 834 2300 quatuor
865 2251 959 2285 sunt
991 2246 1140 2284 dotata.
1174 2244 1223 2282 ad
1257 2244 1442 2282 vndecim
1475 2243 1554 2281 alia
1587 2240 1831 2280 conferimus
1866 2244 1907 2280 et

85 2314 227 2354 damus
259 2317 300 2354 in
332 2316 465 2356 dotem
497 2317 670 2370 triginta
702 2320 788 2355 tres
820 2325 980 2354 marcas
1012 2313 1180 2365 argenti
1214 2315 1256 2349 vt
1288 2311 1339 2348 ad
1372 2310 1591 2362 quodlibet,
1630 2313 1716 2347 tres
1755 2319 1904 2361 marce,

84 2385 246 2422 nomine
279 2383 384 2422 dotis
417 2386 662 2434 pertineant.
723 2384 809 2422 Ista
843 2381 999 2432 quidem
1033 2390 1195 2417 summa.
1229 2378 1388 2416 XXIII.
1431 2388 1652 2415 marcarum
1686 2376 1737 2414 de
1770 2387 1904 2414 annuo

85 2460 217 2488 censu
250 2451 290 2489 in
323 2452 441 2490 bonis
474 2463 549 2501 per
581 2463 656 2490 nos
689 2449 946 2500 comparatis,
979 2447 1137 2485 scilicet
1174 2446 1214 2484 in
1254 2445 1348 2483 villa
1391 2444 1441 2482 de
1473 2443 1617 2484 scm-iz
1657 2447 1698 2481 et
1735 2444 1775 2481 in
1808 2442 1904 2481 villa

86 2516 139 2558 de
161 2518 388 2570 Pelrowiz‚
420 2520 603 2574 siugulis
635 2518 792 2570 percipi
824 2516 948 2556 debet
972 2514 1102 2554 anuis.
1135 2513 1368 2563 Episcopus
1400 2522 1500 2551 uero
1531 2510 1718 2550 iudicium
1750 2513 1792 2550 et
1823 2510 1903 2549 alia
