2155 2928
1101 189 1200 229 162

226 340 340 377 iuxta
373 348 562 376 summam
595 335 837 385 libertatem,
871 340 1117 383 quocunque
1149 329 1241 368 loco
1267 328 1398 368 eidem
1431 328 1617 368 ecclesie
1651 340 1910 382 concessam,
1942 329 2066 371 nichil

227 406 303 444 sub
337 405 427 444 celo
461 405 512 444 ab
546 403 701 442 eisdem
734 402 974 454 exigentes.
1022 398 1216 447 Alioquin
1249 395 1440 435 faciendo
1468 398 1696 446 oppositum
1731 396 2065 450 indignacionem

226 477 407 512 nostram
439 473 632 525 grauiter
663 472 937 509 incurrentes.
992 466 1284 515 Precipientes
1319 465 1438 503 vobis
1471 464 1771 517 nichilominus,
1804 469 1848 504 ut
1879 468 2065 508 caueatis

229 552 280 580 ne
314 541 365 579 de
392 544 535 578 cetero
569 539 619 578 de
646 538 724 576 hoc
758 536 1010 587 questionem
1036 534 1212 584 aliquam
1240 533 1309 571 vel
1336 534 1628 584 querimoniam
1652 533 1878 573 audiamus,
1925 534 2066 576 Siluas

228 611 357 648 eciam
396 619 535 647 eorum
578 610 620 645 et
661 608 793 655 prata,
842 613 1012 655 pascua,
1054 602 1319 651 piscaciones
1362 604 1404 640 et
1445 601 1527 640 alia
1570 611 1818 653 quecunque
1858 603 2065 644 commoda

228 677 504 727 respiciencia
537 675 670 713 villam
704 674 743 711 in
779 672 903 710 Pri-zi
932 674 973 709 et
1005 670 1109 708 alias
1143 681 1282 708 eorum
1310 668 1443 723 villas,
1476 670 1516 708 in
1548 669 1820 709 Prerouiensi
1852 672 2066 721 prouincia

228 747 344 796 sitas,
392 745 496 782 omni
543 743 733 780 libertate
776 738 969 792 gaudere
1018 738 1249 790 paciamini,
1296 749 1376 788 que
1424 739 1487 776 eis
1529 748 1603 788 per
1645 738 1871 793 priuilegia
1913 740 2066 790 piorum

227 813 539 865 progenitorum
572 813 804 848 nostrorum
838 810 878 845 et
911 810 1092 845 nostram
1125 807 1391 845 clemenciam
1423 810 1519 846 sunt
1551 817 1772 845 concessa.
1833 825 1844 833 ·

532 906 561 938 E
586 906 728 937 coilicr
753 903 1071 936 welchradensi
1094 904 1148 936 sol.
1174 903 1236 936 51.

979 1068 1310 1110 CLXXXVIII.

233 1174 513 1222 lVencesIans,
555 1185 638 1210 rea:
677 1172 892 1222 Βοὲἱηιίαρ,
934 1173 1154 1225 confirmat
1191 1173 1337 1212 Novae
1369 1172 1538 1213 Civitati
1577 1173 1623 1212 in
1653 1174 1827 1214 Austria
1856 1185 1937 1226 pro
1967 1173 2066 1214 sub-

423 1242 607 1293 J‘eclione
639 1251 715 1279 suo
744 1240 834 1292 filio
866 1241 1066 1292 Pi-emysl
1093 1242 1209 1293 sire-ta
1243 1252 1384 1279 omnes
1417 1240 1637 1280 libertates.
1706 1241 1857 1281 1252.

323 1333 648 1393 WVenceslaus
691 1350 755 1389 dei
797 1351 939 1404 gratia
989 1351 1260 1390 Boheinornm
1302 1363 1379 1390 rex
1427 1351 1612 1390 omnibus
1653 1362 1832 1402 presens
1873 1352 2066 1403 scriptum

223 1421 471 1470 inspecturis
513 1420 685 1458 salutem
729 1421 768 1457 in
802 1423 1056 1470 perpetuum.
1122 1418 1223 1458 Cum
1257 1420 1310 1458 ad
1344 1424 1524 1459 nostram
1557 1421 1801 1459 instanciam
1835 1420 1993 1460 Milites
2025 1423 2066 1460 et

225 1488 352 1528 Ciues
386 1488 531 1526 Nouee
573 1486 765 1527 Ciuitatis
801 1486 877 1525 filio
919 1491 1059 1525 nostro
1101 1487 1343 1526 charissimo
1387 1488 1565 1526 Premizl
1608 1499 1722 1538 spem
1763 1489 1802 1526 in
1843 1492 1987 1528 nostra
2025 1491 2065 1528 et

224 1557 351 1606 ipsius
392 1559 596 1606 ponentes
636 1556 788 1609 gracia
827 1567 875 1594 se
914 1556 1185 1594 subiecerunt
1224 1557 1437 1607 ipsumque
1477 1557 1518 1595 in
1559 1556 1758 1595 dominum
1800 1556 2065 1607 prouiderunt

224 1624 476 1677 eligendum,
518 1636 594 1662 nos
643 1636 724 1663 una
764 1635 854 1663 cum
893 1622 972 1663 filio
1021 1628 1179 1677 nostro,
1220 1624 1351 1678 digne
1398 1625 1578 1675 ipsorum
1628 1625 1872 1664 deuocionis
1912 1626 2064 1664 meritis

223 1693 543 1743 respondenteS,
582 1692 818 1733 Uniuersos
852 1695 893 1731 et
933 1692 1127 1746 singulos
1168 1693 1206 1730 in
1251 1696 1430 1731 nostram
1466 1694 1760 1743 protectionem
1802 1697 1843 1731 et
1875 1694 2064 1747 graciam

222 1760 479 1813 singularem
512 1761 758 1811 suscipimus
801 1771 943 1799 omnes
977 1760 1261 1813 condiciones,
1302 1761 1391 1799 iura
1424 1761 1642 1800 libertates
1675 1766 1717 1800 et
1749 1763 2062 1800 constitutiones

224 1830 338 1867 iuxta
372 1829 741 1881 instrumentorum,
781 1839 861 1879 que
894 1839 1021 1879 super
1061 1828 1289 1867 huiusmodi
1328 1832 1423 1869 sunt
1455 1828 1661 1882 confecta,
1698 1833 1846 1868 tenore
1886 1839 2063 1879 presen-

224 1897 316 1934 tium
358 1894 640 1936 fauorabiliter
679 1895 981 1949 confirmantes,
1023 1897 1215 1948 quicquid
1250 1898 1363 1936 circa
1403 1897 1482 1936 hoc
1522 1903 1655 1936 actum
1697 1901 1738 1936 et
1777 1897 2063 1937 inuiolabiliter

225 1964 496 2003 obseruaturi.
558 1966 710 2005 Datum
743 1977 851 2004 anno
884 1966 1182 2005 incarnationis
1215 1965 1363 2005 domini
1403 1963 1611 2006 MCCLII
1643 1965 1801 2005 decime
1833 1965 2062 2005 indicionis.

529 2064 753 2106 Hormayr's
776 2063 904 2095 Archiv
932 2062 1043 2095 1828.
1067 2062 1159 2095 321.

999 2228 1286 2270 (mxxxix.

224 2330 386 2377 Brimo,
410 2331 629 2382 episcopus
657 2331 960 2383 olomucensis,
989 2331 1206 2384 adjudicat
1226 2332 1478 2370 monaslerio
1505 2331 1795 2371 Oslowanensz'
1813 2332 1893 2383 jus
1914 2333 2059 2383 patro·
2120 2352 2123 2387 J

261 2400 379 2434 nam-s·
405 2398 604 2437 ecclesiae
628 2401 669 2438 ἱη
692 2401 812 2439 Nova
838 2400 1016 2439 ecclesia
1038 2399 1312 2450 (Neulfe‘rclz).
1352 2401 1499 2439 Aetam
1521 2401 1600 2439 25.
1625 2400 1841 2451 Janua1·2·i‚
1874 2398 2022 2439 1253.

354 2488 584 2557 Β.(ι·ιιηο)
619 2510 684 2547 dei
719 2512 860 2563 gratia
895 2511 1183 2550 Olomucensis
1222 2513 1445 2562 episcopus
1478 2511 1692 2550 vniuersis
1724 2513 1960 2561 presentem
1991 2509 2057 2548 lit-
2118 2510 2119 2518 ¹

226 2577 353 2612 teram
386 2575 634 2625 inspecturis
660 2583 845 2618 eternam
869 2579 1042 2618 salutem
1068 2583 1109 2619 et
1141 2581 1346 2619 sinceram
1379 2581 1419 2619 in
1447 2579 1606 2619 domino
1633 2580 1848 2619 caritatem
1873 2581 1917 2618 vt
1942 2575 2057 2617 finem

2139 1413 2141 1439 1

2138 1487 2140 1513 l

2137 1534 2139 1548 ι
