2155 2928
1130 190 1197 229 62

241 335 405 375 concilii
436 338 515 375 etc.
556 335 626 374 Dt.
658 332 859 388 Lugduni
890 332 945 372 X.
975 329 1194 370 Kalendas
1226 328 1459 368 Februarii.
1498 325 1768 366 Pontificatus
1809 338 1918 366 anno
1950 330 2082 369 tertio.

243 403 450 454 (1246).

548 482 758 524 Palacky's
783 482 906 513 Reise
931 490 961 521 p.
985 477 1057 510 30.

1035 641 1285 682 LXXXIV.

244 749 362 790 Idem
393 750 519 789 electo
553 747 820 790 olomucensi
851 746 1047 797 episcopo
1080 742 1272 782 concedit
1307 743 1552 796 facultatem
1583 742 1786 782 evocandi
1818 742 2082 784 dioecesanos

326 830 425 858 suos
457 817 514 857 ad
543 829 588 856 se
619 818 740 855 eliam
772 817 895 853 extra
928 813 1164 852 dioecesim.
1229 813 1300 851 Dc.
1332 811 1552 863 Luqdunz,
1585 811 1711 851 XVI.
1744 807 1849 851 Kal.
1881 811 2004 863 Maji,

1092 879 1244 920 1246.

413 976 691 1036 Innocentius
724 992 948 1043 episcopus
981 1001 1134 1031 seruus
1167 1001 1384 1029 seruorum
1417 990 1497 1030 dei.
1553 990 1721 1029 Dilecto
1755 987 1834 1029 filio
1868 1019 1878 1029 .
1911 1018 1922 1029 .
1955 989 2084 1031 electo

243 1063 507 1103 olomucensi
538 1061 711 1100 salutem
745 1064 785 1100 et
807 1060 1078 1111 apostolicam
1109 1058 1455 1098 benedictionem.
1501 1057 1602 1099 Cum
1636 1059 1745 1097 sicut
1776 1061 1818 1098 te
1851 1059 2084 1109 accepimus

242 1131 463 1183 intimante,
497 1129 657 1180 absque
697 1129 818 1180 culpa
850 1132 920 1167 tua
960 1139 1043 1167 non
1076 1128 1213 1178 possis
1247 1127 1446 1166 diocesim
1480 1126 1794 1166 olomucensem
1833 1127 2003 1179 intrare,
2033 1137 2085 1166 ne

241 1199 281 1238 id
320 1199 391 1237 tibi
431 1197 556 1237 cedat
593 1198 635 1236 in
675 1197 943 1248 p1·eiudicium
985 1199 1027 1235 et
1065 1195 1241 1235 subditis
1280 1197 1360 1235 tuis
1402 1194 1553 1235 officiat
1592 1195 1644 1234 ad
1684 1195 1872 1248 salutem,
1912 1194 2083 1234 vocandi

241 1270 323 1306 tam
361 1266 593 1319 religiosos
633 1275 751 1317 quam
791 1266 895 1304 alios
929 1265 1108 1304 clericos
1148 1264 1367 1303 seculares
1407 1263 1516 1303 dicte
1557 1263 1740 1302 diocesis
1782 1262 1835 1301 ad
1877 1262 2008 1301 locum
2047 1262 2085 1302 in
2154 1298 2155 1316 ¹

241 1346 321 1387 quo
359 1332 490 1373 fueris
531 1338 654 1373 extra
700 1334 844 1387 ipsam,
885 1337 926 1373 et
964 1332 1211 1386 iniungendi
1259 1333 1321 1371 eis
1364 1332 1446 1385 illa,
1492 1332 1533 1370 in
1576 1332 1725 1382 quibus
1770 1331 1842 1370 tibi
1883 1334 2086 1385 tenentur,

242 1403 490 1443 auctoritate
521 1403 595 1442 tibi
628 1403 881 1454 presentium
915 1401 1181 1440 concedimus
1214 1397 1463 1439 facultatem.
1525 1400 1620 1439 Non
1661 1399 1854 1439 obstante
1887 1399 2085 1438 constitu·
2152 1437 2153 1460 ζ

242 1473 354 1512 tione
387 1471 439 1511 de
472 1471 631 1511 duabus
665 1470 786 1510 dietis
820 1471 931 1510 edita
971 1471 1012 1509 in
1045 1470 1219 1509 concilio
1259 1469 1469 1523 generali.
1532 1468 1684 1508 Datum
1723 1467 1938 1522 Lugduni,
1970 1466 2085 1507 XVI.
2152 1502 2153 1521 ἶ

243 1540 340 1579 Kal.
372 1539 492 1580 Maii.
553 1537 821 1579 Pontificatus
854 1530 987 1578 nostri
1018 1550 1127 1578 anno
1159 1538 1295 1577 tertio.

551 1629 582 1662 E
606 1629 788 1671 Regesto
811 1629 1040 1660 Innocentii
1063 1628 1122 1660 IV.
1146 1629 1218 1659 anni
1242 1628 1304 1659 111.
1328 1628 1423 1668 epist.
1448 1624 1538 1658 460.
1563 1628 1593 1658 in
1617 1626 1784 1658 tabulariis
1808 1626 2031 1658 Vaticanis.

1060 1776 1289 1816 LXXXV.

381 1900 384 1901 ⁷
417 1860 543 1921 Idem
574 1890 724 1934 regem
747 1879 944 1918 Boemiae
976 1878 1183 1931 sollicitat,
1204 1881 1249 1917 ut
1272 1877 1468 1918 adhibeat
1494 1877 1685 1932 studium,
1711 1880 1915 1929 quatenus
1943 1876 2086 1916 electio

247 1948 346 1988 novi
376 1948 653 1988 Romanorum
684 1948 807 2002 regis
833 1947 1079 1999 quantocius
1111 1947 1364 1986 celebretur.
1413 1947 1482 1986 Dt.
1515 1946 1731 2001 Lugduni⁷
1763 1946 1840 1986 XI.
1873 1945 2083 1985 Kalendas

247 2016 367 2070 Maji‚
406 2016 559 2057 1246.

557 2114 714 2148 Ibidem
736 2132 779 2140 -—
803 2114 899 2157 epist.
923 2111 1013 2146 632.

1046 2260 1297 2302 LXXXVI.

423 2345 548 2406 Idem
581 2365 716 2405 electo
748 2363 1030 2418 Ferrariensi,
1068 2363 1342 2414 Apostolicae
1373 2361 1501 2405 Sedis
1533 2362 1706 2417 Legato
1745 2361 1922 2416 mandat,
1953 2364 1996 2401 ut
2025 2359 2086 2398 in-

257 2430 380 2471 ducat
410 2443 558 2485 regem
591 2434 787 2473 Boemiac
820 2433 874 2472 ad
907 2432 1185 2472 assistendum
1212 2435 1402 2483 potenter
1434 2434 1476 2472 et
1501 2434 1692 2483 patenter
1722 2431 1777 2471 H.
1809 2431 1908 2485 regi
1938 2429 2086 2469 Roma-

258 2511 411 2539 norum.
474 2501 543 2540 Dt.
575 2500 790 2555 Lugduni,
823 2502 898 2541 ΙΙΙ.
931 2501 1077 2540 Nonas
1109 2501 1224 2554 Julii7
1264 2500 1413 2541 1246.

563 2590 716 2622 Ibidem
738 2610 779 2615 -—
803 2593 876 2623 anni
900 2592 957 2623 lv.
981 2592 1076 2632 epist.
1101 2588 1190 2623 922,
