2155 2928
959 132 1062 174 283

95 286 172 317 suo
203 274 352 325 imponi
383 274 509 325 capiti
540 272 787 314 faceremus.
819 273 909 313 Nos
941 274 1074 328 igitur
1105 272 1201 313 dicti
1233 272 1355 326 regis
1382 271 1643 311 deuotionem
1666 273 1932 313 multimodam

95 342 357 383 attendentes
398 345 440 380 et
479 342 817 395 considerantes,
857 342 964 393 quod
1006 341 1348 395 progenitoribus
1387 342 1494 393 suis,
1535 341 1603 390 qui
1650 338 1815 379 fuerunt
1860 354 1933 380 ar-

95 411 242 451 dentes
273 409 479 448 catholice
516 408 609 448 fidei
649 411 879 463 zelatores,
913 422 993 449 non
1026 410 1155 448 solum
1194 409 1452 448 deriuatione
1491 409 1736 461 sanguinis,
1777 409 1854 447 sed
1893 414 1934 448 et

94 478 281 531 puritatis
314 488 365 516 ac
399 477 593 516 bonitatis
625 479 846 517 imitatione
878 477 1084 529 succedit,
1117 488 1166 516 ac
1198 477 1414 527 cupientes
1447 476 1499 515 ob
1540 476 1620 515 hoc
1659 487 1750 514 eum
1789 476 1830 514 in
1869 476 1933 515 his

93 545 332 597 specialiter
360 545 580 597 honorari,
614 546 744 595 ipsius
776 545 1144 595 supplicationibus
1177 545 1403 598 benignius
1435 544 1639 597 inclinati,
1664 544 1933 582 Fraternitati

94 620 236 654 vestre
273 612 534 665 mandamus,
568 617 772 663 quatenus
806 625 883 651 vos
916 613 1022 651 alter
1054 617 1261 666 vestrum,
1294 612 1476 651 adhibito
1510 612 1720 651 vobiscum
1767 612 1934 651 decenti

93 682 379 733 episcoporum
411 691 579 719 numero
605 684 685 719 tum
719 685 888 731 propter
915 680 1098 719 eiusdem
1123 681 1244 734 regis
1269 679 1634 733 honorificentiam,
1659 684 1739 719 tum
1764 685 1934 731 propter

95 750 370 790 reuerentiam
409 749 676 801 sacramenti,
716 748 794 787 sibi
837 749 1086 787 auctoritate
1127 753 1269 787 nostra
1310 748 1538 787 huiusmodi
1579 750 1813 788 unctionem
1855 749 1931 787 im-

92 817 278 870 pendere
310 820 351 856 et
382 817 506 867 capiti
541 817 630 855 eius
670 817 880 867 imponere
923 817 1075 869 regale
1115 817 1300 855 diadema
1342 817 1510 855 curetis.
1557 816 1757 855 Volumus
1797 820 1933 855 autem

92 890 216 937 atque
247 885 475 938 statuimus,
509 888 552 923 ut
583 885 732 923 nullum
765 896 821 923 ex
853 885 930 923 hoc
964 886 1003 923 in
1038 888 1243 935 posterum
1277 883 1535 935 pontificibus
1566 885 1831 937 Maguntinis
1864 884 1933 935 qui

40 950 46 952 ⁴
90 956 211 993 erunt
241 964 316 1003 pro
348 957 532 1003 tempore
565 956 607 991 et
639 953 822 992 ecclesie
847 952 1100 1005 Maguntine
1127 953 1392 1003 preiudicium
1418 957 1666 1005 generetur,
1694 953 1790 1002 quin
1816 952 1931 990 circa

91 1022 220 1073 ipsius
252 1022 374 1075 regis
406 1032 683 1060 successores
722 1027 985 1071 exequantur
1024 1021 1156 1060 libere
1196 1020 1303 1072 quod
1344 1020 1398 1059 ad
1441 1031 1514 1059 eos
1555 1021 1733 1070 pertinet
1771 1021 1811 1058 in
1851 1019 1932 1058 hac

91 1094 222 1140 parte.
253 1089 318 1128 Ea
351 1100 468 1142 vero,
502 1100 582 1140 que
615 1089 875 1128 exhibiturus
909 1092 1025 1127 esset
1064 1089 1169 1127 idem
1209 1100 1287 1127 rex
1326 1088 1643 1138 archiepiscopo
1675 1088 1930 1141 Maguntino

89 1157 125 1196 si
158 1158 384 1210 inungeret
416 1161 457 1196 et
489 1161 712 1195 coronaret
745 1157 933 1210 eundem,
966 1158 1137 1210 integre
1171 1156 1223 1195 ab
1258 1156 1401 1195 eodem
1440 1167 1550 1209 rege
1591 1157 1823 1207 repriatis,
1863 1155 1932 1194 illa

91 1225 198 1265 dicto
231 1225 378 1279 electo,
411 1225 446 1264 si
480 1236 569 1264 eum
596 1223 827 1264 confirmari
860 1225 1093 1278 contingat,
1126 1225 1305 1275 alioquin
1338 1225 1390 1278 ei,
1424 1226 1489 1275 qui
1524 1224 1709 1274 predicte
1738 1224 1930 1276 Magun-

88 1293 173 1332 tine
204 1294 386 1332 ecclesie
419 1294 613 1347 regimini
648 1292 858 1346 prefuerit,
891 1291 1066 1331 fideliter
1098 1293 1392 1332 transmissuri.
1445 1292 1596 1331 Datum
1626 1293 1843 1345 Anagnie,
1875 1291 1931 1330 11.

89 1372 221 1401 nonas
253 1361 459 1401 Octobris.
520 1359 790 1401 Pontificatus
823 1361 953 1400 nostri
986 1372 1094 1400 anno
1127 1366 1264 1400 sexto.

393 1468 448 1500 Ex
477 1469 734 1510 autographo
763 1469 948 1509 Regesto
977 1467 1204 1500 Alexandri
1232 1476 1339 1509 papae
1367 1467 1426 1500 IV.
1462 1467 1535 1498 anni
1565 1466 1624 1498 vl.
1652 1467 1748 1507 epist.
1780 1464 1869 1496 124.
1896 1466 1929 1497 iu

496 1519 706 1551 tabulariis
730 1520 953 1551 Vaticanis.

891 1683 1128 1727 CCXCIII.

90 1794 206 1834 Idem
244 1795 489 1847 Nicolaum,
537 1798 678 1835 nalum
713 1796 828 1847 reqis
868 1796 1089 1846 Boemz'ae,
1131 1794 1394 1846 leyitimitatis
1433 1793 1547 1832 tilulo
1592 1792 1780 1844 decorat,
1821 1804 1926 1832 con-

125 1864 320 1916 ceditque,
358 1867 404 1904 ut
439 1865 497 1903 od
533 1876 674 1904 omues
714 1864 934 1915 diqnilales
973 1863 1232 1914 honoresque
1273 1862 1513 1901 saeculares
1555 1863 1714 1900 assmm'
1749 1862 1895 1913 possit.

444 1934 517 1972 Dl.
549 1934 784 1984 Anagniae,
814 1932 954 1984 pridie
984 1932 1131 1972 Nonas
1166 1929 1369 1982 Octobris,
1411 1929 1560 1968 1260.

223 2023 492 2084 Alexander
524 2043 746 2094 episcopus
778 2054 928 2081 seruus
961 2053 1174 2081 seruorum
1209 2040 1287 2079 dei.
1327 2039 1462 2078 Nobili
1495 2041 1585 2077 viro
1618 2038 1796 2078 Nicoloo
1828 2042 1924 2078 nato

88 2110 286 2149 carissimi
318 2112 359 2149 in
393 2110 561 2150 Christo
595 2110 660 2150 filii
694 2111 825 2149 nostri
858 2139 867 2148 .
900 2138 910 2148 .
942 2110 1118 2148 Illustris
1151 2109 1291 2162 Regis
1324 2108 1506 2160 Boemie,
1539 2107 1712 2145 salutem
1746 2110 1787 2145 et
1819 2118 1925 2158 apo—

87 2178 269 2217 stolicam
301 2179 643 2218 benedictionem.
706 2179 845 2219 Sedes
878 2177 1106 2228 apostolica
1139 2178 1369 2229 gratiarum
1401 2173 1558 2214 sructus
1591 2176 1761 2225 copiosa
1794 2175 1924 2213 uber-

87 2248 170 2284 tate
202 2247 449 2300 producens,
479 2248 540 2286 sic
573 2246 731 2286 fructus
755 2247 868 2296 ipsos
901 2244 1071 2295 prouida
1095 2245 1321 2297 largitione
1355 2244 1581 2296 dispensat,
1607 2243 1712 2294 quod
1741 2254 1923 2296 genere,

88 2314 302 2354 virtutibus
349 2322 390 2354 et
429 2315 731 2354 conditionibus
771 2325 1040 2364 personarum
1088 2312 1315 2366 diligenter
1361 2312 1581 2363 inspectis,
1628 2311 1720 2349 illas
1759 2309 1921 2350 facilius

88 2383 310 2431 potioribus
343 2383 462 2422 donis
488 2384 699 2435 anticipat,
733 2393 834 2433 quas
865 2381 1034 2419 illustris
1065 2381 1260 2430 prosapia
1285 2380 1463 2432 generis
1488 2383 1529 2417 et
1557 2379 1711 2417 decore
1737 2378 1922 2417 nobilitat

88 2453 129 2488 et
159 2450 366 2490 nobilitate
398 2452 583 2490 decorat.
646 2451 701 2489 Et
740 2449 900 2501 quidem
933 2449 1045 2487 circa
1085 2452 1231 2486 statum
1264 2448 1400 2486 talium
1433 2458 1700 2497 personarum
1732 2446 1838 2484 adeo
1871 2456 1920 2485 se

87 2527 166 2556 non
198 2518 391 2559 immerito
429 2518 697 2559 fauorabilem
737 2517 909 2557 exhibet
950 2517 1166 2567 potestatis
1205 2515 1433 2566 apostolice
1473 2514 1696 2567 plenitudo,
1736 2514 1843 2566 quod
1883 2515 1920 2553 si

1601 2581 1667 2622 36
1683 2579 1714 2610 ’ἴς
