2155 2928
949 178 1012 219 17

63 323 187 364 firma.
220 326 262 362 et
294 326 339 362 vt
370 320 606 372 prescripta
638 318 929 358 inuiolabiliter
961 317 1194 357 observari.
1257 316 1460 357 Volumus
1492 317 1624 370 igitur
1656 320 1698 357 et
1728 315 1906 356 irrefra-

63 392 263 447 gabiliter
295 390 523 429 statuimus.
585 388 652 427 Ne
692 387 905 438 quisquam
936 386 1145 425 Baronum
1177 388 1249 425 avt
1287 385 1479 424 nobilium
1511 388 1626 423 terre
1659 388 1905 435 potestatem

63 460 219 500 habeat
256 459 297 497 in
329 458 498 496 ciuitate
529 456 752 494 Brunensi.
783 454 853 493 vel
893 455 932 492 in
971 454 1063 504 ipsa
1095 453 1331 493 violentiam
1371 456 1588 492 exerceat.
1628 453 1698 491 vel
1730 452 1906 503 aliquem

62 531 207 568 teneat
254 528 346 565 sine
398 525 565 564 licentia
616 527 658 562 et
703 523 853 561 nuncio
900 522 1046 560 iudicis
1092 522 1284 560 ciuitatis.
1354 520 1567 571 Siquidem
1613 520 1814 559 volumus.
1863 524 1907 560 vt

64 596 308 647 quicumque
341 594 491 632 ciuivm
522 591 710 630 homines
744 594 786 629 et
818 590 1112 640 possessiones
1145 593 1266 628 extra
1299 590 1504 627 ciuitatem
1536 588 1732 627 habeant.
1757 588 1906 628 nullam

63 663 153 714 [in]
192 662 294 713 ipsis
333 660 459 700 iudex
490 658 757 710 prouincialis
788 658 858 696 vel
891 659 1013 696 etiam
1044 658 1113 696 alii
1139 655 1398 696 ‘beneficiarii
1434 657 1649 706 prouintie.
1683 656 1738 695 ita
1772 659 1818 695 vt
1851 656 1904 695 ab

65 731 128 770 eis
161 740 240 768 nec
282 729 472 767 citentur.
505 738 584 766 nec
625 727 747 765 etiam
785 725 1018 764 iudicentur
1058 724 1241 763 habeant
1274 727 1528 774 potestatem.
1562 723 1637 762 sed
1673 723 1907 762 iudicentur

63 809 89 837 a
113 797 247 836 iudice
273 796 464 835 ciuitatis.
502 795 616 834 Item.
633 794 871 835 statuimus.
895 797 941 832 vt
963 803 1246 844 quemcunque
1269 796 1362 842 post
1387 792 1706 831 renouacionem
1730 795 1906 831 monete.

64 864 185 904 infra.
197 865 293 904 ΧΠ.
308 863 560 903 ebdomadas
579 862 812 901 inuenerint
830 861 1042 899 monetarii
1060 861 1191 898 nostri
1207 872 1349 898 avrum
1369 860 1435 898 vel
1452 864 1675 912 argentvm
1693 864 1906 898 ementem.

65 934 118 972 ad
147 932 452 972 estimacionem
477 930 645 969 duarum
674 940 902 968 marcarum
927 929 1109 981 argenti.
1134 927 1308 966 eandem
1334 927 1476 966 tollant
1494 929 1723 978 pecuniam.
1754 928 1908 981 gracia

65 1000 281 1040 mediante.
314 1010 393 1037 nec
425 998 597 1037 ulterius
638 998 678 1036 in
711 1008 893 1047 persona
926 997 1131 1046 emptoris.
1165 1007 1244 1034 nec
1278 996 1317 1034 in
1356 995 1493 1046 aliqua
1525 995 1759 1034 substantia
1792 996 1908 1033 eius-

67 1068 170 1106 dem.
209 1066 394 1105 habeant
431 1069 689 1115 potestatem.
752 1064 1028 1103 Decreuimus
1070 1064 1202 1102 etiam.
1248 1067 1294 1101 vt
1343 1063 1383 1101 in
1422 1063 1587 1101 ciuitate
1627 1064 1907 1113 proprietates

66 1135 242 1174 habens.
276 1134 408 1184 possit
447 1133 617 1172 easdem
647 1132 847 1171 uendere.
890 1132 1049 1182 absque
1083 1131 1367 1181 impedimento
1400 1131 1581 1181 quolibet
1614 1141 1795 1180 persone
1828 1141 1908 1169 ne-

67 1206 269 1242 cessitate
302 1205 500 1255 cogente.
550 1201 666 1241 Sane
698 1201 958 1251 precipimus.
991 1209 1044 1238 ne
1077 1199 1130 1238 de
1162 1203 1304 1238 cetero
1337 1200 1418 1237 sint
1450 1199 1490 1237 in
1523 1199 1692 1237 ciuitate
1724 1198 1909 1237 aridaria

68 1271 316 1311 braziorum.
352 1269 547 1320 Alioquin
578 1269 778 1307 volumus.
811 1271 853 1306 ut
879 1278 1152 1318 possessores
1186 1278 1325 1306 eorum
1358 1267 1409 1305 de
1435 1266 1620 1316 dampnis
1646 1266 1908 1317 quibuslibet.

69 1350 148 1390 que
173 1339 354 1388 ipsorum
378 1337 602 1375 occasione
626 1336 882 1374 emerserint.
910 1336 1009 1374 lesis
1035 1333 1296 1374 satisfaciant
1317 1339 1361 1373 vt
1384 1339 1449 1372 est
1474 1335 1632 1373 iustum.
1672 1333 1909 1372 lnhibemus

68 1408 203 1446 etiam.
243 1405 308 1444 Ne
349 1404 400 1443 de
440 1408 583 1443 cetero
623 1404 705 1442 sint
743 1403 960 1442 thaberne.
1001 1408 1119 1441 extra
1159 1404 1365 1441 ciuitatem
1405 1401 1457 1440 ad
1496 1403 1668 1440 miliare.
1709 1402 1749 1440 in
1788 1402 1909 1440 bonis

69 1474 243 1513 alicuius
276 1476 417 1523 preter
443 1472 550 1510 bona
584 1475 625 1509 et
650 1472 942 1521 possessiones
975 1471 1122 1509 notarii
1151 1470 1424 1509 Brunnensis.
1458 1470 1524 1520 qui
1551 1469 1751 1519 capellam
1776 1469 1909 1508 sancti

68 1542 264 1591 Procopii
297 1540 489 1579 habuerit
521 1543 564 1578 et
593 1543 805 1577 monetam.
852 1538 1124 1577 Prohibemus
1158 1539 1290 1576 etiam.
1325 1548 1377 1576 ne
1411 1538 1501 1588 quis
1534 1537 1708 1588 aliquem
1742 1538 1910 1588 proprio

72 1620 180 1660 pane
207 1612 432 1647 carentem.
455 1608 494 1646 in
518 1606 614 1645 ludo
636 1606 844 1645 deciorum
862 1604 1102 1645 damnificet.
1125 1606 1233 1644 vltra
1256 1616 1373 1656 quam
1397 1606 1449 1644 sit
1472 1606 1562 1643 eius
1586 1605 1705 1643 valor
1720 1606 1910 1643 vestium.

69 1677 187 1717 Item.
250 1674 424 1715 Ciuibus
456 1674 732 1727 indulgemus.
773 1677 819 1713 vt
851 1674 1082 1725 quicunque
1121 1674 1382 1712 mercimonia
1422 1671 1676 1711 deferentes.
1716 1672 1769 1711 ad
1801 1684 1911 1711 nun-

70 1745 190 1784 dinas
213 1744 486 1782 Brunnenses
510 1743 715 1781 venerint.
745 1742 876 1781 tribus
900 1746 996 1780 ante
1021 1741 1316 1780 Pentecosten.
1339 1744 1381 1780 et
1405 1744 1554 1791 postea
1580 1740 1746 1779 totidem
1778 1741 1912 1791 septi-

69 1812 215 1852 manis.
248 1823 338 1850 cum
369 1812 457 1849 suis
489 1810 695 1849 mercibus
727 1810 1005 1848 morabuntur.
1062 1809 1286 1849 statuimus
1320 1809 1503 1859 insuper.
1536 1808 1642 1859 quod
1677 1809 1912 1859 quicunque

71 1881 217 1919 ciuium
250 1879 457 1917 moriatur.
489 1879 525 1916 si
556 1888 728 1916 vxorem
753 1876 896 1916 habuit
921 1877 995 1915 vel
1026 1877 1193 1916 liberos.
1222 1877 1349 1915 iudex
1381 1876 1450 1915 vel
1483 1876 1714 1915 aduocatus
1747 1887 1911 1927 nequa-

73 1959 192 1999 quam
219 1947 452 1985 intromittat
471 1956 518 1984 se
538 1945 588 1983 de
605 1945 724 1984 bonis
743 1945 933 1995 ipsorum.
952 1944 1026 1983 sed
1047 1946 1128 1983 sint
1150 1946 1190 1983 in
1212 1948 1418 1995 potestate
1442 1945 1585 1983 onris
1608 1947 1649 1983 et
1676 1944 1911 1983 liberorum.

72 2015 120 2054 In
152 2015 321 2053 arbitrio
351 2024 513 2065 quoque
545 2014 599 2051 sit
625 2012 763 2051 vidue.
796 2024 877 2051 non
902 2012 1059 2051 nubere
1092 2013 1161 2051 vel
1186 2013 1343 2051 nubere
1368 2013 1599 2063 cuicunque
1626 2012 1729 2051 velit
1751 2012 1912 2063 absque

76 2082 257 2133 quolibet
289 2081 585 2131 impedimento.
631 2080 742 2119 Idem
776 2091 937 2131 quoque
969 2081 1195 2119 statuimus.
1229 2080 1280 2119 de
1313 2079 1394 2119 filia
1429 2080 1497 2119 vel
1529 2084 1654 2130 nepte
1687 2080 1909 2120 cuiuslibet

75 2151 238 2188 ciuivm.
272 2149 380 2200 quod
413 2153 454 2187 et
486 2149 537 2187 de
571 2147 707 2187 vidua.
769 2147 816 2188 Si
856 2152 989 2186 autem
1022 2149 1056 2186 is
1091 2150 1157 2200 qui
1196 2150 1364 2187 moritur
1394 2160 1477 2187 non
1514 2148 1708 2187 habuerit
1739 2159 1914 2187 uxorem

77 2217 146 2256 vel
181 2217 349 2256 liberos.
378 2219 420 2255 et
454 2217 545 2255 sine
577 2219 824 2255 testamento
860 2220 902 2255 et
934 2215 1203 2255 ordinacione
1238 2228 1373 2255 rerum
1407 2229 1571 2255 suarum
1603 2216 1779 2255 decedit.
1809 2216 1916 2255 bona

75 2294 157 2335 que
189 2284 365 2335 reliquit.
398 2284 581 2334 proximo
608 2283 753 2322 heredi
786 2295 862 2322 suo
896 2284 1058 2322 cedant.
1105 2285 1220 2323 Item.
1252 2285 1451 2323 volumus.
1484 2289 1527 2323 ut
1559 2284 1722 2323 aduena
1757 2283 1914 2335 hospes

75 2353 119 2391 in
157 2352 325 2391 ciuitate
365 2352 556 2390 moriens.
591 2351 642 2391 de
680 2351 808 2390 rebus
849 2352 935 2390 suis
976 2352 1166 2403 quicquid
1208 2352 1473 2392 ordinauerit.
1511 2357 1639 2392 ratum
1682 2356 1723 2391 et
1765 2350 1913 2391 firmum

75 2419 261 2459 volumus
295 2430 552 2470 permanere.
615 2419 663 2459 Si
702 2431 804 2459 vero
837 2420 1015 2459 morlens
1054 2421 1178 2459 nichil
1218 2421 1482 2460 ordinauerit.
1523 2421 1639 2460 ciues
1680 2421 1915 2460 custodiant

75 2498 147 2527 res
180 2486 373 2527 defuncti.
405 2500 553 2527 annum
585 2491 627 2527 et
659 2487 775 2526 dIem.
816 2486 921 2527 infra
955 2489 1060 2539 quod
1094 2490 1265 2540 spatium
1306 2491 1340 2528 si
1374 2491 1538 2529 venerit
1570 2490 1730 2541 aliquis.
1765 2490 1830 2540 qui
1865 2500 1913 2529 se

77 2556 232 2595 socium
257 2555 325 2595 vel
348 2556 543 2596 heredem
566 2555 636 2595 vel
659 2556 904 2596 creditorem
931 2555 1124 2596 defuncti.
1149 2562 1230 2597 met
1258 2559 1414 2597 tercius
1444 2558 1708 2598 honestorum
1734 2559 1913 2597 virorum

1675 2626 1704 2665 3
