2155 2928
983 161 1004 172 υ

946 162 1006 200 ίο

50 302 180 342 madis
212 302 482 353 permanebit.
515 313 593 353 per
633 302 742 354 quod
773 303 947 353 spatium
988 301 1023 341 si
1057 301 1109 340 de
1149 312 1280 340 causa
1312 305 1354 340 et
1392 302 1514 351 culpa
1553 313 1629 340 sua
1669 314 1750 341 non
1784 314 1897 342 com-

50 372 248 423 posuerit.
280 382 371 409 cum
402 371 538 410 iudice
565 374 607 410 et
639 374 796 409 actore.
829 381 910 409 sex
935 370 1026 409 aliis
1059 369 1298 409 ebdomadis
1332 372 1454 408 extra
1479 370 1687 408 ciuitatem
1719 381 1899 410 commo-

51 439 209 479 rabitur
247 441 411 478 iterato.
472 439 527 478 Et
566 440 602 478 si
641 439 803 490 quidem
842 439 979 477 adhvc
1019 447 1268 488 componere
1313 437 1560 490 neglexerit
1598 449 1688 476 cum
1727 438 1897 477 eisdem.

49 519 201 547 annvm
233 510 275 546 et
307 507 413 545 diem
444 510 566 546 extra
599 507 806 546 ciuitatem
836 507 1028 545 manebit.
1087 506 1135 546 Si
1168 516 1271 544 vero
1303 516 1433 544 versa
1464 506 1557 544 uice
1591 516 1639 544 se
1674 510 1899 556 suspectus

50 573 194 614 facere
226 575 406 614 voluerit
438 575 713 614 innocentem.
747 577 962 628 expurget
1001 585 1049 613 se
1081 576 1162 612 met
1194 574 1359 624 quintus
1400 573 1668 624 probabilium
1704 574 1899 612 virorum.

52 642 210 691 Quodsi
243 654 487 693 processum
518 654 599 681 non
632 642 835 681 habuerit.
869 644 1029 681 intrans
1069 642 1227 681 domum
1263 641 1318 680 X.
1351 641 1521 680 talenta.
1556 641 1789 694 egrediens
1823 642 1899 679 do-

50 722 155 750 mum
192 711 248 751 X.
286 711 441 750 talenta
484 711 709 761 persoluet.
747 722 917 761 quorum
955 711 1083 760 prima
1123 720 1221 760 pars
1263 708 1399 747 iudici.
1439 709 1572 748 altera
1613 721 1710 760 pars
1755 710 1899 748 actori.

50 779 186 818 tercia
217 789 322 818 vero
355 779 511 817 ciuitati
543 779 741 817 soluetur.
782 782 823 817 et
853 779 889 816 si
921 779 1137 828 pecuniam
1177 789 1259 816 non
1291 777 1494 816 habuerit.
1533 767 1695 816 manum
1732 778 1900 817 amittat.

53 846 254 886 Volumus
288 857 464 898 quoque.
489 850 535 885 vt
567 847 801 897 quicunque
825 857 997 884 manens
1030 846 1072 884 in
1096 846 1264 884 ciuitate
1297 856 1388 884 cum
1413 845 1572 884 ciuibus
1605 847 1696 884 iura
1722 846 1903 884 tenuerit

52 915 265 954 Vniuersa.
298 918 379 953 tam
412 916 451 954 in
485 914 647 953 iudicio.
690 926 807 965 quam
841 914 881 952 in
921 914 1121 952 collectis.
1163 914 1215 952 ab
1255 914 1361 952 omni
1402 913 1568 952 teloneo
1608 913 1761 952 debeat
1801 924 1901 952 esse

51 982 172 1022 liber.
219 983 477 1033 Precipimus
511 983 643 1021 etiam.
677 982 785 1033 quod
811 983 1044 1032 quicunque
1077 981 1128 1020 ad
1161 992 1346 1034 pugnam
1380 981 1447 1020 vel
1481 982 1610 1020 rixam
1643 985 1764 1020 tenso
1798 992 1902 1019 arev

53 1051 126 1090 vel
157 1051 309 1090 balista
342 1052 588 1089 accesserit.
621 1050 745 1089 iudici
783 1051 863 1088 tria
894 1050 1063 1088 talenta.
1105 1049 1260 1087 ciuitati
1293 1060 1397 1087 vero
1438 1048 1517 1087 duo
1550 1049 1698 1087 soluat.
1763 1048 1904 1088 Omnis

57 1130 236 1170 quoque.
269 1120 335 1170 qui
364 1119 430 1157 die
462 1117 620 1158 forensi
654 1120 694 1157 in
719 1116 823 1157 soro.
857 1129 947 1156 cum
970 1116 1129 1156 forensi
1163 1116 1324 1166 populo.
1357 1116 1466 1167 quod
1492 1116 1676 1169 gladium
1709 1116 1760 1155 ad
1794 1127 1903 1169 gra-

56 1198 206 1226 uamen
237 1187 413 1226 alicuius
451 1187 685 1226 nvdauerit.
718 1187 935 1225 conuictus
976 1184 1113 1224 suerit.
1146 1185 1269 1223 iudici
1309 1184 1387 1223 duo
1426 1184 1594 1223 talenta.
1635 1186 1715 1223 tria
1747 1185 1905 1223 talenta

54 1255 211 1294 ciuitati
250 1258 480 1306 componet.
543 1254 592 1296 Si
631 1256 850 1305 pecuniam
889 1266 972 1293 non
1011 1253 1214 1292 habuerit.
1254 1264 1398 1291 manus
1438 1253 1566 1302 ipsius
1607 1250 1906 1291 transfodiatur

55 1323 234 1362 cultello.
281 1322 330 1363 Si
363 1324 578 1374 quisquam
609 1324 757 1362 ciqum
789 1323 911 1361 alicui
944 1323 985 1361 in
1017 1321 1155 1360 debito
1182 1325 1388 1360 teneatur.
1420 1324 1508 1360 tres
1542 1321 1632 1359 dies
1667 1323 1904 1371 perempto-

55 1392 143 1430 rios
176 1390 367 1430 soluendi
398 1391 563 1430 habeat.
594 1391 664 1430 vel
696 1391 953 1429 absoluatur.
1014 1391 1117 1429 Item
1157 1390 1400 1440 quicumque
1432 1389 1474 1427 in
1507 1389 1642 1439 aliquo
1684 1386 1792 1427 furto
1826 1388 1905 1427 de-

58 1459 294 1511 prehensus
326 1457 462 1498 fuerit.
488 1459 596 1510 quod
627 1459 722 1498 LX.
756 1459 952 1498 denarios
979 1458 1133 1497 valeat.
1166 1457 1433 1507 suspendium
1465 1457 1667 1507 pacietur.
1717 1456 1767 1497 Si
1800 1467 1906 1495 vero

62 1528 232 1567 minoris
263 1527 420 1566 valoris
452 1525 588 1566 fuerit.
621 1538 703 1566 non
726 1527 1018 1577 suspendetur.
1052 1526 1129 1565 sed
1161 1525 1214 1563 ad
1248 1529 1384 1564 notam
1422 1523 1585 1563 insamie
1620 1523 1733 1563 ferro
1768 1525 1904 1578 ignito

58 1595 379 1648 consignabitur
417 1596 459 1634 in
490 1593 611 1634 facie.
649 1585 694 1634 rt
726 1598 791 1633 est
821 1596 958 1633 moris.
1021 1594 1068 1634 Si
1108 1595 1199 1645 quis
1238 1594 1482 1632 vulneratus
1523 1591 1660 1632 suerit.
1702 1592 1822 1631 adeo.
1861 1594 1908 1631 vt

57 1662 112 1702 ad
142 1663 332 1702 iudicium
362 1663 512 1702 venire
544 1674 627 1702 non
658 1663 802 1713 possit.
836 1666 877 1701 et
909 1673 1034 1713 posse
1059 1661 1246 1701 evadere
1279 1673 1361 1700 non
1396 1664 1572 1711 putatur.
1607 1664 1649 1699 et
1681 1671 1754 1699 res
1786 1660 1907 1699 huius

57 1729 155 1771 facti
186 1731 240 1770 ad
272 1731 463 1770 iudicium
492 1732 672 1770 venerit.
704 1730 831 1769 iudex
862 1734 1006 1770 teneat
1036 1731 1167 1780 ipsum
1199 1731 1405 1779 captiuvm
1444 1729 1511 1780 qui
1544 1727 1655 1767 secit.
1692 1727 1839 1767 donec.
1872 1729 1909 1766 si

55 1799 302 1839 vulneratus
335 1800 466 1850 possit
496 1799 696 1838 evadere.
722 1799 927 1838 videatur.
975 1798 1023 1838 Si
1048 1809 1150 1837 vero
1184 1799 1275 1848 quis
1302 1809 1376 1847 pro
1410 1798 1500 1846 ipso
1530 1797 1707 1836 voluerit
1733 1794 1906 1835 fideius-

58 1869 217 1908 sionem
248 1871 455 1919 prestare.
488 1866 711 1906 fideiubeat
743 1878 816 1917 pro
848 1867 899 1905 L.
932 1866 1112 1905 talentis.
1152 1866 1285 1904 donec
1317 1866 1387 1904 vel
1419 1865 1487 1903 ille
1521 1865 1803 1903 conualescat.
1839 1865 1908 1903 vel

57 1936 266 1976 moriatur.
299 1939 341 1975 et
364 1935 590 1975 secundum
622 1935 701 1974 hoc
734 1934 937 1974 emendet.
984 1934 1210 1974 Statuimus
1244 1934 1364 1972 etiam
1396 1931 1636 1971 firmissime.
1667 1932 1774 1983 quod
1810 1933 1907 1983 qui-

58 2015 223 2056 cunque
263 2004 473 2043 mulierem
514 2004 731 2043 honestam
769 2003 838 2041 vel
880 2002 1088 2055 uirginem
1129 2003 1170 2041 vi
1212 2002 1483 2051 oppresserit.
1520 2000 1591 2040 vel
1628 2001 1826 2050 rapuerit.
1869 2003 1912 2038 et

58 2072 128 2112 illa
160 2071 281 2111 infra.
314 2073 454 2112 XIIII.
488 2071 578 2110 dies
610 2072 841 2110 testimonio
875 2070 1045 2109 dvorum
1078 2070 1332 2109 credibilium
1370 2071 1553 2108 virorum
1585 2080 1633 2108 se
1667 2069 1912 2119 probauerit

59 2140 335 2180 exclamasse.
360 2140 428 2178 ille
459 2140 582 2192 igniti
607 2138 707 2178 ferri
732 2150 780 2177 se
804 2138 954 2177 iudicio
987 2138 1258 2190 expurgabit.
1313 2137 1361 2178 Si
1394 2148 1497 2176 vero
1532 2137 1599 2175 ille
1633 2148 1681 2175 se
1714 2149 1796 2175 non
1830 2147 1911 2174 ex-

58 2208 323 2261 purgauerit.
356 2208 601 2246 sententiam
633 2206 851 2257 capitalem
882 2206 1046 2246 subibit.
1094 2206 1299 2244 Preterea
1330 2206 1365 2244 si
1398 2206 1465 2244 illa
1498 2203 1605 2244 infra
1640 2204 1730 2243 dies
1765 2204 1905 2243 XIIII.

58 2276 292 2316 testimonio
324 2275 422 2314 VII.
462 2275 716 2314 credibilium
749 2275 931 2313 virorum
969 2274 1076 2313 illum
1108 2275 1352 2313 convicerit.
1392 2273 1502 2312 nulla
1543 2273 1623 2311 sibi
1664 2272 1911 2311 conceditur

62 2343 343 2397 expurgacio.
375 2343 452 2382 sed
476 2343 640 2393 capitali
666 2343 875 2382 sententia
898 2343 1100 2393 punietur.
1149 2341 1197 2382 Si
1230 2353 1333 2381 vero
1357 2342 1502 2380 mulier
1526 2341 1662 2392 aliqua
1689 2341 1912 2380 communis

61 2422 110 2451 se
143 2412 412 2462 conqueritur
450 2411 491 2450 vi
533 2422 788 2461 oppressam.
823 2414 863 2450 et
902 2411 937 2450 si
970 2411 1214 2449 constiterit.
1247 2411 1374 2450 iudex
1413 2410 1545 2448 eidem
1584 2407 1819 2448 satisfaciat
1861 2408 1913 2448 de

62 2490 330 2530 oppressore.
363 2480 480 2519 iuxta
514 2479 730 2518 consilium
771 2482 813 2518 et
844 2479 1089 2518 sententiam
1130 2479 1362 2517 iuratorum.
1424 2478 1473 2516 In
1507 2481 1713 2528 potestate
1748 2487 1913 2528 quoque

67 2548 215 2591 iudicis
247 2548 339 2588 erit.
378 2548 485 2587 illum
516 2547 553 2586 si
590 2547 779 2587 voluerit.
814 2546 1020 2598 puniendi.
1085 2546 1132 2587 Si
1173 2546 1264 2598 quis
1297 2547 1512 2586 conuictus
1545 2544 1669 2585 suerit
1702 2557 1777 2596 per
1817 2544 1914 2584 VII.
