2155 2928
1090 147 1196 188 380

976 285 1321 329 CCCLXXVII.

229 381 346 422 Idem
383 379 590 429 omnibus,
629 378 700 429 qut·
737 374 851 427 apud
887 373 1083 425 oppidum
1130 372 1407 413 Cremsirium
1446 371 1748 425 (Chrome'ijr)
1793 372 2071 424 plantaverint

287 451 451 500 vineas,
490 447 547 486 ad
584 446 722 485 decem
762 453 894 482 annos
934 440 1159 480 libertatem
1199 439 1397 479 concedit.
1464 441 1619 480 Datum
1659 440 1774 493 apud
1803 440 2010 494 Modiin-e,

858 509 925 548 die
959 509 1000 547 1.
1034 509 1250 559 danum-ii,
1291 508 1440 547 1266.

367 583 530 642 Bruno
577 598 643 637 dei
689 594 839 649 gracia
882 594 1118 643 Episcopus
1162 591 1449 633 olomucensis
1497 594 1682 633 omnibus
1724 593 1834 632 hauc
1875 594 2068 647 paginam

229 670 479 719 inspecturis
521 668 814 716 inperpetuum.
887 660 989 702 Cum
1036 672 1172 700 rerum
1219 665 1436 714 gestarum
1476 662 1711 701 certissima
1753 661 2068 712 representacio

229 738 282 776 sit
314 737 518 785 scriptura
551 743 629 783 que
663 731 714 769 de
748 729 966 769 verborum
1001 729 1113 767 serie
1148 729 1407 768 redactorum
1449 730 1489 768 in
1529 741 1617 769 eam
1661 730 1785 768 nichil
1825 730 1964 769 minuit
2002 733 2070 770 aut

230 808 364 843 mutat.
412 803 556 841 Notum
590 811 687 838 esse
720 799 903 848 cupimus
938 798 1197 847 presencium
1229 801 1377 836 tenore
1409 802 1489 837 tam
1515 801 1694 849 posteris
1722 809 1840 850 quam
1866 797 2069 838 modernis

230 871 335 922 quod
369 869 473 919 apud
507 868 668 918 opidum
703 870 882 904 nostrum
917 864 1116 916 Cremsyr
1147 865 1293 904 vineas
1325 865 1529 905 locandas
1557 866 1741 905 dedimus
1767 870 1809 905 et
1828 852 2070 917 plantandas

232 951 282 977 ac
316 938 499 976 omnibus
534 937 599 985 qui
627 936 773 973 vineas
800 934 947 972 ibidem
976 935 1213 984 receperint
1239 937 1280 972 et
1308 934 1583 984 piantauerint
1609 945 1684 985 per
1708 935 1850 973 decem
1875 945 2072 974 annorum

228 1007 408 1056 spacium
460 1002 708 1042 conserimus
755 1002 986 1041 libertatem
1040 1002 1187 1053 quibus
1234 1003 1447 1053 completis
1495 1002 1658 1042 soluent
1705 1003 1825 1042 nobis
1872 1002 1924 1041 de
1972 1001 2070 1052 ipsis

229 1074 362 1112 vineis
396 1077 440 1111 vt
473 1073 511 1110 in
545 1072 648 1109 locis
681 1070 773 1109 aliis
806 1072 845 1109 in
880 1070 1028 1121 quibus
1061 1071 1190 1109 eciam
1223 1070 1431 1110 habentur
1470 1073 1593 1110 vinee
1628 1071 1784 1121 optinet
1816 1069 2072 1110 cousuetudo

229 1142 454 1192 eodemque
494 1140 741 1193 gaudebunt
781 1140 870 1178 iure
913 1151 992 1190 quo
1042 1142 1083 1178 et
1123 1139 1191 1177 aiii
1234 1140 1302 1190 qui
1342 1140 1488 1178 vineas
1530 1140 1574 1178 in
1614 1140 1815 1178 Morauia
1854 1141 1997 1179 tenent
2031 1141 2073 1179 et

229 1210 443 1262 possident
482 1208 674 1262 gaudere
712 1212 952 1247 noscuntur.
1015 1208 1070 1247 Et
1110 1207 1162 1246 ad
1205 1207 1448 1248 Commium
1490 1206 1542 1246 de
1583 1206 1850 1257 handisbery
1889 1205 2072 1246 famulum

231 1282 410 1317 nostrum
449 1277 637 1315 dilectum
671 1276 888 1326 opidanum
922 1280 1104 1315 nostrum
1144 1276 1184 1314 in
1218 1273 1431 1327 Cremsyr,
1465 1276 1530 1314 cui
1569 1275 1823 1314 locacionem
1864 1276 2073 1315 vinearum

231 1346 512 1398 commisimus,
552 1355 755 1396 quemque
788 1343 1079 1383 Perlmmister
1118 1341 1290 1382 fecimus
1329 1343 1478 1382 ibidem
1518 1347 1559 1382 et
1599 1344 1883 1382 constituimus
1922 1343 1963 1382 in
1995 1353 2072 1394 quo

230 1418 271 1454 et
310 1413 492 1453 heredes
532 1413 596 1451 sui
635 1412 866 1451 succedent
905 1412 1036 1451 eidem
1080 1413 1120 1451 in
1159 1412 1439 1463 suscipiendis
1480 1412 1615 1450 vineis
1663 1415 1705 1450 et
1750 1422 1878 1462 super
1917 1411 2071 1451 iuribus

232 1483 318 1523 suis
365 1485 598 1532 respectum
646 1480 860 1520 habebunt
906 1481 946 1519 in
991 1481 1175 1520 omnibus
1223 1484 1264 1519 et
1313 1491 1543 1519 recursum.
1608 1477 1726 1527 Quod
1770 1483 1904 1518 autem
1948 1490 2074 1530 super

232 1551 443 1602 premissis
496 1550 630 1589 nuilus
684 1560 888 1600 processu
943 1549 1139 1601 temporis
1189 1549 1412 1588 dubietatis
1459 1548 1527 1588 uel
1576 1548 1805 1600 calumpnie
1857 1547 2074 1599 scrupulus

232 1623 423 1671 emergat
456 1621 690 1668 presentem
726 1618 921 1671 pagiuam
955 1617 1007 1656 ad
1040 1618 1102 1657 rei
1134 1619 1366 1656 memoriam
1407 1617 1698 1667 sempiternam
1740 1616 1835 1655 inde
1868 1615 2073 1656 conscribi

233 1688 446 1737 nostrique
479 1686 607 1740 sigilii
642 1687 834 1725 iussimus
866 1686 1082 1725 munimine
1116 1686 1319 1725 roborari.
1367 1685 1517 1725 Datum
1546 1685 1654 1735 apud
1682 1685 1901 1724 Modericz
1933 1684 1973 1723 in
2009 1684 2073 1724 die

233 1753 568 1794 Circumcisionis
602 1754 763 1793 domini.
819 1755 942 1794 Anno
976 1754 1283 1793 incarnacionis
1322 1765 1398 1792 sue
1431 1752 1779 1794 M.CC.LXV1.
1812 1752 2074 1803 presentibus

231 1820 434 1871 lle—idolio
469 1823 677 1873 preposito
711 1822 763 1861 de
797 1820 997 1873 Cremsyr
1029 1822 1302 1872 Heydenrico
1337 1822 1512 1860 Decano
1546 1822 1762 1875 Magistro
1792 1822 1991 1860 Heinrico
2023 1820 2074 1860 de

231 1890 434 1928 Kaicowe
470 1890 657 1931 Custode
691 1889 905 1931 Canonico
939 1891 978 1929 in
1013 1889 1214 1942 Cremsyr
1248 1889 1445 1931 Conrado
1479 1891 1640 1930 notario
1672 1894 1828 1930 nostro.
1890 1888 2074 1942 Arnoldo

232 1958 449 1998 Aduocato
484 1963 625 1998 nostro
659 1960 697 1998 in
732 1957 932 2009 Cremsyr
965 1962 1007 1998 et
1038 1959 1131 1997 aliis
1165 1970 1284 2010 quam
1317 1959 1514 2010 pluribus.

537 2049 567 2081 E
593 2049 741 2081 codice
765 2047 1023 2080 olomucensi
1047 2049 1150 2080 chart.
1174 2049 1199 2080 1.
1224 2058 1299 2091 pag.
1323 2047 1387 2080 43.

968 2161 1334 2205 CCCLXXVHI.

239 2247 448 2298 domines,
480 2247 605 2287 abbas
637 2250 796 2288 Montis
827 2248 966 2300 Syme,
1000 2252 1037 2286 et
1071 2248 1378 2300 Theodoricus,
1411 2247 1538 2287 obbas
1569 2248 1801 2299 Lucensis,
1834 2248 2076 2300 confirmant
2136 2259 2137 2262 ¹

238 2316 488 2353 monasterio
531 2315 784 2356 Grada-ensa·
824 2317 1149 2369 (Hradts‘t'ensi)
1191 2317 1403 2355 emtionem
1442 2317 1568 2355 villae
1606 2317 1867 2367 Byslrodice.
1929 2316 2073 2356 Actum

761 2386 804 2424 in
837 2385 1037 2436 Hradi-s‘t',
1069 2386 1147 2423 23.
1181 2385 1358 2436 Aprilis,
1399 2384 1549 2423 1266.

410 2447 470 2506 Iu
510 2468 670 2506 nomine
718 2470 848 2518 patris
897 2473 938 2508 et
984 2468 1051 2508 filii
1097 2473 1139 2508 et
1181 2470 1349 2520 spiritus
1389 2469 1523 2508 sancti
1563 2479 1694 2507 amen.
1764 2468 1887 2507 Anno
1929 2466 2070 2506 domini
2134 2482 2135 2490 ¹

240 2531 300 2570 M.
335 2530 422 2571 CC.
456 2533 549 2572 Lx.
582 2536 656 2574 vl.
690 2538 729 2575 in
763 2538 827 2577 die
862 2538 971 2577 beati
1004 2537 1223 2577 Adalberti
1255 2538 1432 2577 martiris
1465 2541 1589 2589 atque
1621 2534 1838 2590 pontificis,
1879 2547 1966 2575 cum
1999 2543 2070 2574 nos
