2155 2928
1062 177 1166 218 236

198 340 335 368 coram
375 327 494 366 nobis
534 325 694 376 questio
733 322 981 371 uerteretur,
1020 316 1186 357 tandem
1225 315 1343 354 ambe
1381 317 1524 365 partes
1568 326 1642 365 pro
1687 314 1795 354 bono
1834 316 1950 366 pacis
1988 319 2031 357 et

200 395 424 435 concordie
457 395 496 432 in
525 405 598 431 nos
623 396 813 441 tanquam
844 389 884 426 in
911 396 1130 436 personam
1163 382 1415 421 amicabilem
1440 382 1703 421 concorditer
1734 387 2031 438 conuenerunt,

203 464 483 514 promittentes
523 461 563 498 in
595 470 736 497 manus
777 458 942 494 nostras
976 452 1053 490 fide
1087 451 1273 503 prestita,
1314 453 1445 488 ratum
1476 449 1650 503 habere7
1683 450 1875 501 quicquid
1906 461 2033 501 super

202 531 282 570 hiis
315 534 499 568 statuere
532 535 781 565 curaremus.
828 520 1023 574 Cognitis
1053 520 1182 571 igitur
1215 518 1370 557 iuribus
1395 518 1609 568 utriusque
1643 519 1771 568 partis
1803 518 1865 557 sio
1896 518 2033 559 habito

204 597 373 636 consilio
415 595 624 634 statuimus
664 595 705 630 et
745 589 1019 629 ordinauimus
1058 589 1166 624 inter
1199 588 1355 638 partes7
1395 585 1502 635 quod
1546 585 1732 635 predicte
1770 596 1890 624 soror
1920 586 2034 625 Her-

203 665 355 717 burgis
387 666 428 701 et
459 663 687 700 conuentus
721 656 839 698 Celle
872 659 1018 694 sancte
1050 653 1189 693 Marie
1223 651 1382 703 prefato
1424 651 1540 691 fratri
1575 652 1625 693 G.
1658 654 1860 706 magistro
1894 653 2035 704 hospi-

205 733 298 771 talis
331 731 464 769 sancti
497 728 690 767 Iohannis
723 729 763 764 et
795 725 881 762 suis
914 721 1236 761 successoribus
1276 724 1317 760 et
1349 731 1489 759 eorum
1520 721 1682 759 nomine
1714 721 1904 771 hospitali
1938 732 2038 771 pre-

206 799 313 838 dicto
346 797 575 849 sexaginta
608 794 801 832 denarios
834 792 994 830 nomine
1028 790 1186 828 decime
1220 789 1271 827 de
1303 792 1470 827 aratura
1504 800 1587 828 vna
1619 789 1659 827 in
1692 786 2039 843 Cuneghesueld,

208 878 325 918 quam
366 864 511 903 ibidem
551 862 704 900 habent
750 859 965 909 sepedicte
1010 869 1132 896 soror
1175 856 1419 909 Herburgis
1465 859 1507 894 et
1552 861 1798 909 conuentus,
1846 858 1886 895 in
1933 854 2039 896 festo

206 933 339 972 sancti
372 930 539 970 Martini
578 927 760 980 singulis
792 927 911 964 annis
951 926 1127 964 soluant.
1192 925 1283 963 Hoc
1324 924 1456 977 saluo,
1488 926 1531 963 ut
1569 924 1605 962 si
1637 923 1689 962 de
1728 926 1842 962 terra
1874 924 1956 977 illa,
1989 923 2040 964 de

209 1011 288 1051 qua
328 998 484 1036 decime
523 995 781 1047 petebantur,
821 994 910 1044 plus
952 997 1030 1046 est7
1071 1004 1188 1044 quam
1228 995 1410 1045 aratura,
1453 991 1562 1030 dicte
1602 1002 1774 1030 sorores
1813 994 1855 1030 et
1902 1002 2041 1031 earum

209 1067 427 1105 claustrum
461 1062 683 1102 secundum
709 1063 1012 1100 extimationem
1047 1064 1088 1100 et
1110 1064 1238 1099 ratam
1271 1059 1458 1110 predicte
1482 1059 1710 1112 solutionis,
1744 1059 1875 1098 eidem
1898 1059 2043 1109 hospi-

207 1134 278 1172 tali
310 1132 361 1170 de
385 1129 590 1181 superfluo
623 1130 744 1168 vnius
768 1132 951 1182 arature,
985 1129 1166 1168 decimas
1191 1130 1231 1167 in
1255 1128 1399 1166 eodem
1425 1128 1596 1166 termino
1621 1128 1788 1166 soluere
1812 1130 2043 1166 teneantur.

211 1199 338 1248 Quam
364 1198 658 1238 ordinationem
683 1208 802 1236 soror
819 1197 1062 1250 Herburgis
1088 1201 1129 1235 et
1155 1194 1369 1236 Gotsridus
1400 1199 1644 1246 procurator
1668 1207 1868 1248 sororum⁷
1885 1195 2045 1237 habens

211 1278 338 1318 super
370 1266 447 1305 hoc
481 1266 664 1316 speciale
702 1265 932 1304 mandatum
965 1268 1007 1303 et
1046 1262 1177 1303 frater
1208 1264 1438 1314 Ricquinus
1478 1274 1552 1313 pro
1585 1264 1676 1313 ipso
1709 1263 1899 1314 llospitali
1930 1274 2047 1305 man·-

212 1335 345 1375 datum
377 1333 537 1372 habens
570 1333 714 1386 simile7
747 1336 876 1374 ratam
910 1333 1144 1380 habuerunt
1177 1335 1218 1371 et
1250 1335 1480 1382 spontanee
1513 1334 1796 1381 acceptarunt.
1849 1331 1898 1370 In
1930 1331 2047 1370 cuius

211 1403 271 1442 rei
304 1402 572 1441 testimonium
614 1404 852 1452 presentem
885 1400 1012 1439 scribi
1054 1401 1248 1453 paginam
1281 1402 1323 1438 et
1361 1399 1491 1451 sigilli
1524 1400 1654 1438 nostri
1692 1387 1884 1438 iussimus
1916 1398 2047 1437 muni-

211 1471 317 1510 mine
350 1470 549 1508 roborari.
597 1470 745 1508 Actum
769 1469 810 1507 in
835 1468 1030 1507 Puztimir
1061 1469 1138 1507 lv,
1162 1468 1258 1506 Kal.
1289 1467 1431 1506 Martii
1464 1467 1586 1505 Anno
1613 1467 1759 1505 domini
1787 1464 2047 1506 MCCLVH.

212 1538 474 1589 presentibus
508 1538 585 1575 hiis
618 1537 817 1575 testibus:
860 1536 1152 1575 Bartliolomeo
1186 1535 1480 1573 archidiacono
1515 1533 1788 1573 olomucensi.
1835 1534 2048 1587 Magistro

213 1605 398 1644 Iohanne
440 1605 737 1643 archidiacono
780 1604 1049 1643 Prerouensi.
1089 1601 1297 1653 Ileydolso
1339 1602 1632 1640 archidiacono
1674 1601 1912 1651 Opauiensi.
1950 1600 2050 1640 Ma-

216 1674 350 1726 gistro
383 1673 613 1726 Stephano,
650 1673 818 1724 Alexio,
861 1673 1074 1710 canonicis
1107 1670 1447 1711 Olomucensibus
1479 1669 1694 1710 Fritlerico
1728 1670 1885 1710 vicario
1919 1669 2053 1710 sancti

215 1741 399 1781 Mauritii
431 1740 470 1780 in
504 1739 672 1779 Olomuz
704 1742 746 1778 et
777 1740 869 1778 aliis
903 1750 1022 1791 quam
1053 1739 1252 1790 pluribus.

520 1836 573 1869 Ex
596 1836 794 1878 originali
817 1838 848 1868 in
871 1837 1005 1870 archivo
1030 1835 1068 1870 S.
1090 1836 1123 1871 J.
1149 1835 1382 1870 Bruneusis.

1077 1998 1205 2041 CCL.

222 2101 470 2140 Alea-ander
505 2115 616 2153 papa
657 2103 734 2142 IV.
774 2102 915 2141 ordini
948 2103 1132 2154 fratrum
1171 2099 1524 2140 Praedicatorum
1565 2099 1616 2139 de
1654 2100 1849 2138 electione
1887 2109 2058 2138 suorum

249 2170 447 2219 priorum
475 2170 726 2220 praeseribit
755 2171 992 2209 institutum.
1055 2171 1126 2209 Dl.
1159 2169 1377 2219 Laterani,
1419 2168 1567 2208 ΧΓΙΙ.
1600 2166 1821 2207 Kalendas
1852 2167 2028 2218 Aprilis,

1068 2236 1218 2278 1257.

368 2326 641 2385 Alexander
673 2347 895 2396 episcopus
935 2357 1084 2384 seruus
1117 2356 1330 2384 seruorum
1371 2344 1450 2383 dei.
1514 2344 1689 2382 Dilectis
1728 2340 1819 2380 filiis
1858 2342 2058 2394 magistro

229 2414 266 2448 et
299 2412 505 2449 uniuersis
539 2414 742 2462 prioribus
775 2425 825 2451 ac
858 2412 1053 2453 fratribus
1087 2413 1242 2451 ordinis
1270 2412 1570 2462 predicatorum
1603 2410 1785 2451 Salutem
1819 2413 1859 2447 et
1892 2415 2060 2458 aposto-

233 2477 350 2515 licam
384 2478 720 2518 benedictionem.
782 2481 837 2522 Ut
869 2493 918 2519 ea
953 2492 1031 2531 que
1064 2481 1183 2519 uobis
1216 2479 1416 2518 interdum
1449 2480 1561 2516 circa
1594 2477 1809 2516 electionis
1842 2476 2060 2528 negocium

240 2543 470 2583 incumbunt
511 2547 773 2596 expedienda
819 2560 893 2598 pro
931 2552 1116 2598 tempore
1163 2548 1283 2587 citius
1331 2550 1373 2586 et
1417 2546 1626 2585 salubrius
1669 2544 1838 2584 ualeant
1876 2540 2062 2596 expediri
