2155 2928
1122 152 1192 191 20

231 292 292 333 M.
325 290 414 334 CC.
448 293 542 334 XL.
575 293 650 332 111.
683 303 826 333 mense
857 293 1064 332 Ianuario.
1111 266 1260 331 Datum
1302 291 1451 344 Prage
1484 301 1559 342 per
1590 302 1749 330 manum
1781 291 1898 331 curie
1929 293 2073 332 nostre

232 362 381 401 notarii
412 361 698 401 Rembotonis.

537 488 567 521 E
589 488 713 529 copia
735 486 914 528 simplici
937 495 1007 520 sec.
1029 485 1195 519 XV11.in
1218 485 1308 519 curia
1331 483 1614 519 olomucensi.

1056 671 1245 711 XXXV.

227 800 482 855 Stephanus,
490 802 605 855 filius
613 801 818 854 Stephani
826 800 878 840 de
885 800 1068 841 Medlow
1077 802 1364 854 (Perustein),
1376 805 1672 843 monasterium
1688 803 2074 844 Daubrawnicensa

309 883 336 911 α
373 871 566 911 Tar-caris
598 870 850 909 destructam
883 869 1007 909 dotat.
1069 871 1142 910 Dc.
1173 870 1363 922 Bmmae,
1395 883 1535 910 mense
1566 872 1793 923 Jmuario,
1833 871 1984 912 1243.

365 977 478 1039 Nos
519 995 759 1047 Stephanus
799 995 904 1035 filius
944 996 1149 1048 Stephani
1197 997 1249 1037 de
1287 997 1499 1038 Medlouc.
1548 999 1614 1050 pie
1652 999 1845 1038 memorie
1885 999 2070 1039 omnibus

226 1062 385 1106 Christi
425 1064 651 1104 cultoribus
690 1065 731 1103 in
778 1068 1033 1116 perpetuum.
1096 1066 1164 1104 Ne
1210 1077 1261 1105 ea
1300 1078 1380 1117 que
1427 1067 1614 1121 legitime
1660 1070 1702 1106 et
1741 1067 1808 1118 pia
1849 1067 2070 1107 deuotione

225 1133 468 1172 ordinantur
508 1136 679 1183 propter
717 1133 851 1172 Deum
893 1133 1069 1172 humane
1108 1134 1336 1184 calumpnie
1375 1135 1570 1185 scrupulo
1617 1135 1856 1186 perturbari
1897 1136 2073 1188 possint.

225 1200 395 1254 dignum
428 1204 493 1240 est
515 1204 558 1238 ut
590 1200 642 1238 ad
667 1201 869 1240 cautelam
901 1199 1173 1240 sufficientem
1198 1206 1239 1241 et
1273 1203 1332 1241 rei
1358 1207 1487 1256 geste
1519 1204 1750 1242 memoriam
1780 1204 2071 1254 sempiternam

223 1269 429 1318 scripture
461 1269 677 1307 tenacitati
709 1269 1057 1308 commendentur.
1120 1270 1229 1309 Hinc
1262 1274 1327 1309 est
1360 1270 1467 1321 quod
1500 1283 1575 1310 nos
1608 1275 1906 1311 succurrentes
1940 1271 2070 1310 domi-

222 1336 356 1375 nabus
389 1336 483 1375 Deo
517 1337 677 1389 iugiter
708 1334 996 1375 famulantibus
1030 1338 1069 1376 in
1105 1337 1368 1377 Dubratmilc.
1401 1351 1578 1389 quarum
1609 1338 1824 1378 cenobium
1852 1340 2072 1391 ferocitate

222 1405 261 1442 et
289 1403 405 1442 rabie
437 1415 587 1443 canum
612 1415 809 1443 senorum
841 1416 944 1455 quos
976 1407 1157 1444 tartaros
1183 1409 1343 1446 vocant.
1376 1407 1553 1445 totaliter
1585 1407 1717 1446 lesum
1750 1409 1789 1445 et
1818 1407 2072 1447 destructum

222 1482 314 1509 esse
346 1472 542 1510 cernitur.
568 1482 792 1523 earumque
825 1473 1001 1523 inopiam
1032 1473 1302 1512 subleuantes
1335 1474 1576 1513 contulimus
1611 1475 1649 1513 in
1682 1476 1904 1515 remedium
1937 1476 2070 1514 anime

221 1541 364 1578 nostre
398 1542 439 1578 et
471 1543 703 1578 nostrorum
737 1541 1053 1593 progenitorum
1081 1542 1148 1592 qui
1181 1540 1331 1592 prefati
1365 1543 1528 1581 cenobii
1553 1541 1797 1582 fundatores
1830 1544 2073 1584 existebant

220 1606 356 1645 uillam
389 1610 572 1646 nostram
606 1608 720 1646 Wir.
746 1619 835 1647 cum
869 1609 956 1646 suis
990 1610 1262 1659 pertinentiis.
1289 1613 1331 1649 et
1363 1611 1543 1661 quinque
1576 1611 1724 1650 laneos
1757 1612 1797 1650 in
1831 1611 1932 1651 Olsi.
1965 1622 2070 1663 quos

222 1685 247 1713 a
268 1673 475 1725 fratribus
504 1675 648 1713 militie
671 1676 811 1727 templi
841 1675 891 1714 de
918 1676 1097 1716 Iamoliz
1127 1677 1179 1716 de
1205 1689 1414 1718 consensu
1441 1679 1700 1718 serenissimi
1725 1680 1846 1733 regis
1870 1679 2069 1720 Bohemie

222 1741 481 1781 Wencezlai
522 1754 764 1793 comparare
805 1743 931 1783 licuit.
979 1748 1020 1783 et
1059 1745 1201 1784 siluam
1243 1749 1465 1796 spatiosam
1515 1758 1604 1785 cum
1645 1748 1776 1797 pratis
1817 1751 1859 1786 et
1898 1748 2069 1798 apiariis

221 1807 328 1848 infra
359 1810 496 1849 uillam
530 1811 778 1850 Dubraunik
810 1823 938 1862 super
976 1810 1097 1852 fluuio
1129 1813 1330 1853 Zuratka.
1394 1812 1485 1861 Que
1525 1815 1725 1853 Vniuersa
1758 1815 1860 1865 ipsis
1893 1815 2069 1854 tradidi-

221 1889 309 1916 mus
350 1878 440 1917 iure
480 1882 680 1930 perpetuo
720 1881 973 1930 possidenda
1013 1893 1151 1920 coram
1199 1882 1468 1920 serenissimo
1509 1882 1668 1921 domino
1716 1894 1840 1936 rege.
1880 1883 1946 1933 qui
1988 1882 2068 1922 hoc

222 1948 365 1985 nostre
405 1947 570 1996 pietatis
610 1945 760 1986 factum
799 1949 988 2002 benigne
1030 1950 1232 1988 roborare
1272 1954 1337 1989 est
1383 1951 1595 2003 dignatus,
1657 1950 1725 1989 Ad
1771 1951 1967 1990 maiorem
2005 1951 2068 1991 rei

222 2017 350 2066 geste
382 2012 607 2053 firmitatem
647 2020 885 2065 presentem
919 2017 1116 2070 paginam
1156 2017 1251 2056 inde
1284 2019 1560 2068 conscriptam
1600 2018 1830 2070 sigillorum
1863 2020 1995 2057 nostri
2027 2021 2069 2059 et

222 2078 361 2119 fratris
394 2083 525 2120 nostri
551 2082 732 2121 Voitech
766 2085 962 2134 prepositi
989 2084 1041 2123 de
1074 2085 1319 2124 Dubraunik
1347 2086 1563 2124 munimine
1597 2086 1785 2125 roborari
1820 2087 2067 2126 cui-auimus,

223 2147 373 2187 Datum
405 2150 446 2188 in
480 2150 650 2188 Brunna
684 2162 792 2189 anno
825 2151 1026 2189 dominice
1059 2152 1358 2191 incarnationis
1385 2153 1592 2192 millesimo
1627 2151 1700 2194 CC
1729 2154 1888 2193 XLIII.
1921 2165 2066 2194 mense

223 2214 417 2255 Ianuario
452 2228 589 2256 coram
623 2217 661 2256 d.
694 2218 870 2268 Dytrioo
904 2219 1055 2257 abbate
1089 2219 1140 2258 de
1173 2220 1453 2259 Zabrdouicz.
1501 2221 1652 2260 Fratre
1686 2222 1831 2260 Vlrico
1864 2222 1916 2261 de
1949 2220 2071 2261 domo

223 2281 494 2323 Theutonica.
529 2283 726 2325 Cunrado
754 2285 806 2324 de
838 2287 1023 2325 Brunna.
1056 2287 1268 2325 Zacharia
1301 2289 1452 2338 priore.
1485 2289 1698 2328 Ien'chone
1732 2288 1812 2328 filio
1845 2289 2064 2329 Ratiborii.

225 2346 398 2389 Cunone
430 2349 559 2391 fratre
584 2353 838 2393 Bochkonis.
872 2353 999 2395 Cerh.
1025 2354 1218 2408 Nagrad.
1251 2355 1460 2396 Emi-anuo
1487 2360 1529 2397 et
1551 2355 1768 2408 Stephano
1795 2355 1886 2397 filiis
1911 2357 2065 2400 nostris

225 2419 267 2457 et
298 2418 392 2457 aliis
424 2417 502 2458 fide
535 2420 691 2473 dignis.

528 2536 583 2571 Ex
606 2539 798 2580 originali
821 2541 853 2572 iu
875 2541 965 2573 curia
988 2541 1208 2574 Brunensi.
