2155 2928
1003 220 1092 224 Ψ
1106 161 1214 204 274

237 311 470 350 vestrarum
502 309 639 360 aliqua
671 306 908 346 consolacio
939 303 1061 344 vobis
1094 301 1174 355 fiat,
1207 313 1283 340 nos
1316 301 1357 340 in
1388 300 1632 341 hoeeciam
1656 297 1896 354 anectu'pio
1920 304 2076 345 vestris

237 377 616 417 condescendendo
655 376 847 426 precibus
880 372 1020 411 habita
1058 381 1188 421 super
1230 381 1279 409 eo
1322 369 1514 423 diligenti
1553 369 1838 410 nichilominus
1880 372 2076 412 conside·-

239 447 408 485 racione
441 445 548 496 quod
580 444 762 483 ecclesie
796 441 979 491 predicte
1019 441 1260 488 competens
1300 437 1516 488 prebenda
1556 442 1768 477 remaneat
1807 442 1848 478 et
1885 439 2075 495 honesta,

237 515 299 552 sic
340 515 554 552 statuimus
601 511 845 550 auctoritate
888 507 1098 546 ordinaria
1147 510 1189 544 et
1233 505 1454 544 statuendo
1502 505 1622 544 uobis
1664 506 1928 546 concedimus
1969 508 2076 559 quod

238 593 379 620 omnes
411 580 568 619 fructus
603 582 644 618 et
676 577 833 616 reditus
858 575 954 614 ville
987 575 1039 613 de
1072 575 1273 613 Bar-euoz
1299 574 1366 624 qui
1400 574 1439 612 in
1467 584 1600 612 censu
1624 573 1772 613 iudicio
1799 578 1842 614 et
1866 575 1906 614 in
1932 575 2075 616 huius-

239 650 340 688 modi
375 647 665 697 temporalibus
698 644 955 695 proueniunt,
989 646 1030 681 et
1062 642 1207 692 plenas
1248 640 1437 680 frumenti
1477 641 1658 680 decimas
1700 642 1796 681 ville
1838 642 1891 682 de
1932 642 2075 684 Oarim

239 728 319 767 qne
357 720 552 766 spectare
593 716 817 752 noscuntur
855 710 907 749 ad
948 710 1122 749 eandem
1161 710 1384 748 ecclesiam
1423 710 1557 748 sancti
1599 709 1715 749 Petri
1756 721 1830 760 pro
1873 711 1994 750 vobis
2035 716 2077 752 et

240 784 488 823 monasterio
521 785 663 821 vestro
696 783 790 830 post
821 778 1041 817 decessum
1073 779 1114 817 in
1149 776 1317 818 Christo
1357 778 1495 816 dilecti
1525 778 1687 817 Alberti
1732 779 1861 829 ipsius
1894 779 2076 820 ecclesie

239 863 345 890 nunc
379 850 552 890 rectoris
591 849 711 887 annis
743 847 925 900 singulis
967 847 1186 897 percipere
1225 846 1422 898 ualeat1s7
1456 846 1511 885 ita
1550 849 1687 884 tamen
1729 846 1837 897 quod
1876 846 2077 898 plebanus

237 919 419 958 ecclesie
451 916 666 967 sepedicte
699 916 767 966 qui
801 918 894 965 post
925 915 1056 965 ipsum
1091 925 1164 965 pro
1197 918 1382 965 tempore
1414 912 1539 953 fuerit
1565 914 1617 952 de
1650 914 1819 953 decimis
1848 914 1957 954 dicte
1983 915 2077 956 ville

238 987 290 1025 de
330 985 467 1025 (surim
509 985 651 1023 decem
693 987 841 1022 minitas
881 983 1006 1022 tritici
1048 989 1090 1021 et
1130 982 1295 1021 totidem
1336 986 1486 1021 muttas
1528 993 1664 1021 auene
1703 993 1755 1021 ac
1794 983 1899 1022 alios
1937 995 2078 1024 omnes

236 1054 417 1092 eiusdem
451 1052 633 1091 ecclesie
667 1051 825 1091 reditus
858 1062 963 1102 quos
995 1050 1154 1089 habere
1187 1050 1415 1089 dinoscitur
1446 1051 1537 1089 sine
1572 1050 1845 1090 diminucione
1877 1052 2079 1103 percipiat

235 1122 453 1160 annuatim.
492 1121 690 1170 Inspecta
717 1130 881 1170 quoque
913 1119 1152 1158 monasterii
1174 1119 1305 1158 uestri
1331 1120 1583 1158 necessitate
1616 1119 1803 1171 legitima
1829 1123 1871 1158 et
1897 1119 2077 1160 euidenti

234 1193 276 1227 ut
315 1188 366 1227 de
407 1188 675 1238 prouentibus
714 1188 884 1226 aliarum
931 1187 1206 1226 ecclesiarum
1252 1187 1545 1238 parochialium
1594 1190 1738 1226 nostre
1787 1188 1990 1241 diocesis,
2037 1189 2078 1228 in

234 1257 380 1307 quibus
427 1257 743 1307 luspatronatus
792 1256 1008 1308 obtinetis7
1064 1260 1157 1307 post
1210 1255 1493 1294 modernorum
1540 1255 1761 1294 decessum
1810 1256 2078 1306 plebanorum

234 1337 407 1363 annuam
459 1325 627 1376 possitis
676 1325 870 1374 recipere
912 1324 1152 1375 pensionem
1199 1324 1398 1362 videlicet
1447 1323 1499 1362 de
1548 1324 1732 1363 ecclesia
1783 1324 1822 1362 in
1871 1324 2078 1364 Budwicz

234 1397 418 1444 quartam
467 1397 624 1443 partem
672 1392 919 1431 decimarum
963 1396 1004 1432 et
1045 1392 1097 1431 de
1138 1392 1322 1431 ecclesia
1363 1392 1404 1430 in
1447 1392 1566 1430 Bites
1608 1391 1715 1443 quod
1759 1395 1801 1431 et
1841 1392 2078 1444 Heyrez‘clzs

2148 1380 2149 1393 l

2147 1404 2150 1431 Ι

2147 1435 2149 1457 ι’

234 1461 463 1514 vvlgaliter
495 1461 729 1511 appellatur
759 1461 931 1499 terciam
965 1464 1122 1512 partem
1154 1461 1415 1500 decimarum.
1448 1460 1504 1499 Et
1536 1459 1588 1499 de
1621 1460 1806 1500 ecclesia
1839 1461 1881 1500 in
1911 1460 2081 1513 C'lteycz
2146 1484 2148 1491 ·

233 1530 410 1580 quinque
442 1532 590 1568 muttas
622 1530 746 1568 tritici
778 1530 947 1580 antique
979 1539 1174 1568 mensure
1205 1528 1489 1581 Brunnensis7
1529 1531 1572 1567 et
1602 1528 1767 1567 totidem
1799 1531 1947 1568 muttas
1987 1529 2078 1568 sili-

232 1599 360 1651 giiiiS‚
381 1609 470 1636 cum
496 1597 782 1637 nichilominus
806 1598 919 1637 iuxta
945 1597 1330 1636 consideracionem
1357 1600 1554 1650 nostram,
1581 1596 1780 1635 dictarum
1807 1597 2079 1636 ecclesiarum

233 1669 420 1704 rectores
448 1667 514 1717 qui
542 1677 616 1716 pro
648 1669 832 1717 tempore
857 1664 1023 1718 fuerint⁷
1056 1665 1108 1704 de
1142 1665 1410 1716 prouentibus
1442 1664 1622 1703 residuis
1654 1665 1815 1716 possint
1837 1664 2014 1705 honeste
2039 1667 2080 1704 et
2144 1656 2145 1696 ἶ

232 1734 438 1772 commode
470 1735 710 1787 sustentari,
735 1734 1052 1785 hospitalitatem
1078 1744 1255 1774 seruare
1282 1744 1332 1772 ac
1359 1733 1441 1772 alia
1465 1731 1610 1772 facere
1635 1744 1714 1784 que
1741 1732 1792 1771 de
1816 1733 1905 1772 iure
1928 1731 2079 1772 suerint

235 1798 428 1840 facienda
455 1803 576 1842 vobis
610 1806 652 1842 et
683 1803 935 1841 monasterio
961 1806 1104 1842 vestro
1137 1802 1189 1841 de
1217 1804 1369 1856 gracia
1394 1801 1659 1841 concedimus
1685 1802 1871 1852 speciali.
1903 1802 2080 1852 Insuper

236 1870 542 1920 iuspatronatus
576 1871 774 1910 dictarum
808 1871 1079 1910 ecclesiarum
1112 1872 1153 1909 in
1187 1871 1388 1909 Budwicz
1421 1874 1463 1909 et
1503 1870 1554 1909 de
1587 1871 1704 1909 Bites
1745 1869 1852 1921 quod
1892 1874 1934 1917 et
1973 1869 2079 1909 hen-
2141 1873 2143 1902 J

236 1937 348 1975 richs
380 1938 609 1991 uulgaliter
641 1939 887 1993 appellatur,
920 1939 1110 1978 collatum
1142 1938 1262 1977 uobis
1295 1949 1371 1989 per
1403 1938 1628 1989 predictum
1661 1938 1727 1989 pie
1767 1937 2079 1977 recordacionis
2140 1976 2141 1979 ,

236 2004 435 2045 dominum
475 2007 786 2048 Wencezlaum
826 2019 998 2061 regem7
1044 2010 1087 2047 ut
1125 2007 1163 2046 in
1198 2007 1346 2046 litteris
1385 2006 1473 2045 suis
1513 2006 1609 2044 inde
1648 2003 1870 2059 confectis,
1920 2005 2079 2056 plenius

237 2074 483 2127 continetur,
515 2073 665 2115 sactum
696 2088 811 2115 suum
845 2076 953 2127 quod
987 2087 1042 2114 ex
1070 2077 1134 2127 pia
1160 2076 1409 2115 liberalitate
1436 2075 1656 2126 processit,
1682 2079 1849 2127 gratum
1873 2074 2078 2113 habentes
2138 2084 2140 2116 ἶ

238 2144 278 2178 et
311 2145 462 2195 ratum,
503 2147 645 2184 nostro
679 2147 719 2183 et
761 2155 1052 2183 successorum
1093 2149 1324 2184 nostrorum
1364 2155 1414 2182 ac
1454 2143 1737 2182 archidiaconi
1777 2142 1855 2181 loci
1897 2142 1964 2193 qui
2007 2152 2078 2193 pro

238 2211 420 2258 tempore
460 2208 604 2264 suerit7
644 2213 733 2251 iure
774 2213 891 2251 saluo
932 2213 1054 2252 vobis
1096 2212 1280 2252 similiter
1322 2216 1364 2251 et
1403 2222 1479 2262 per
1517 2223 1597 2251 vos
1635 2210 1898 2250 Monasterio
1937 2215 2078 2249 vestro
2136 2246 2138 2274 ἶ

239 2279 484 2317 auctoritate
517 2279 726 2320 ordinaria
759 2279 1057 2323 confirmamus,
1111 2281 1158 2320 In
1192 2280 1312 2320 huius
1352 2283 1487 2319 autem
1527 2277 1856 2319 confirmacionis
1896 2282 1937 2318 et
1976 2289 2078 2317 con·
2134 2281 2137 2329 ,ᾗ

241 2346 443 2383 cessionis
476 2349 744 2388 testimonium
778 2352 819 2388 et
851 2349 1121 2389 euidenciam.
1151 2352 1378 2400 presentes
1412 2348 1531 2387 vobis
1564 2347 1653 2386 dari
1686 2348 1878 2387 iussimus
1917 2347 2076 2386 litteras

241 2413 369 2449 nostri
401 2414 529 2466 sigilli
564 2417 778 2455 munimine
810 2417 1045 2460 roboratas,
1086 2418 1236 2456 Datum
1262 2418 1301 2456 in
1325 2416 1519 2456 Moderiz
1547 2417 1588 2456 in
1615 2415 1682 2455 die
1707 2415 1819 2454 beati
1842 2413 2077 2454 Michaelis.

243 2477 363 2517 Anno
397 2480 541 2520 domini
574 2483 633 2521 M.
669 2483 758 2524 CC.
792 2485 972 2524 LVllil.

547 2563 599 2593 Ex
623 2565 815 2606 originali
839 2576 909 2598 cum
932 2566 1039 2609 sigillo
1063 2567 1189 2608 integro
1213 2565 1397 2607 ejusdem
1421 2567 1616 2598 monasterii.
