2155 2928
1136 154 1204 192 22

246 293 419 346 prefatis
452 295 660 334 ecclesiis.
705 294 772 334 vel
804 292 1160 345 possessionibus.
1200 296 1243 331 et
1282 291 1336 330 ad
1375 292 1494 341 ipsas
1532 289 1817 341 spectantibus
1855 289 2090 330 Siloensem

244 363 467 402 ecclesiam
515 366 770 413 prenotatam
818 365 860 401 et
908 363 997 399 eius
1039 364 1231 398 rectores
1280 363 1322 398 et
1360 357 1514 398 fratres
1562 361 1709 396 contra
1756 357 1902 410 Regie
1949 361 2094 397 nostre

245 432 548 470 constitutionis
581 434 623 469 et
654 428 972 468 confirmationis
1006 428 1191 466 decreta.
1225 426 1426 477 inpedire.
1466 426 1701 465 molestare.
1741 425 1811 464 vel
1844 434 2091 476 quacunque

245 501 471 538 occasione
512 499 760 549 perturbare
803 499 1023 548 presumat.
1067 494 1143 534 sed
1192 505 1357 544 semper
1399 495 1528 545 ipsam
1570 497 1700 532 ratam
1740 498 1781 531 et
1820 492 2093 532 inuiolabilem

245 567 398 606 debeat
431 578 701 606 conseruare.
734 566 842 604 sicut
866 568 1007 603 nostre
1038 563 1189 616 gracie
1219 560 1404 601 fauorem
1428 561 1507 600 sibi
1539 561 1706 600 adesse.
1740 564 1781 599 et
1806 560 2094 610 omnipotentis

244 635 311 674 dei
344 635 532 674 evadere
558 634 708 687 diligat
738 633 944 672 ultionem.
992 631 1051 671 Vt
1083 634 1217 670 autem
1242 630 1472 669 huiusmodi
1504 629 1740 668 constitutio
1773 631 1814 667 et
1839 625 2103 667 confirmatio>

244 701 406 753 prefato
439 703 661 741 conuentui
694 704 736 739 et
767 700 950 739 ecclesie
980 698 1166 740 Siloensi
1199 698 1252 738 de
1285 699 1428 751 gratia
1453 696 1627 748 speciali
1659 695 1814 735 indulta
1846 695 2088 734 intermina-

243 771 326 810 bile
366 771 493 809 robur
533 769 686 808 habeat
734 771 776 807 et
817 770 1056 817 perpetuam
1096 765 1335 805 firmitatem.
1383 767 1593 817 presentis
1634 764 1848 817 priuilegii
1894 763 2093 816 paginam

245 838 348 889 ipsis
397 838 586 877 duximus
634 835 910 874 exhibendam
952 838 1184 874 nostrorum
1232 834 1464 888 sigillorum
1513 834 1774 884 appensione
1821 832 2010 870 munitam
2049 833 2093 871 et

247 906 518 955 perhenniter
547 905 773 943 ualituram.
829 903 939 942 Acta
972 906 1067 942 sunt
1092 903 1172 942 hec
1197 903 1321 942 Anno
1347 902 1562 941 Dominice
1587 900 1893 940 lucau-nationis
1916 899 1976 938 M.
2004 895 2095 939 CC.

245 973 340 1013 XL.
372 974 450 1012 111.
489 972 643 1011 Mense
682 971 850 1011 marcio.
891 970 1124 1010 Indictione
1163 970 1364 1011 secunda.
1427 971 1582 1010 Datum
1621 969 1784 1023 Prage.
1824 979 1900 1019 per
1938 979 2096 1007 manum

247 1042 363 1081 curie
395 1043 540 1080 nostre
572 1040 724 1078 notarii
755 1039 1041 1078 Rembotonis.

553 1145 607 1177 Ex
631 1145 826 1188 originali
849 1146 880 1176 in
902 1154 1014 1176 museo
1038 1146 1246 1177 Brunensi.

1053 1310 1284 1350 XXXVH.

334 1411 453 1452 Idem
485 1413 569 1452 (ιίἱο
596 1412 825 1465 privileyio
858 1411 1003 1452 eadem
1035 1412 1264 1464 confirmat.
1326 1413 1401 1452 Dc.
1435 1413 1623 1463 Praqae,
1658 1423 1799 1451 mense
1830 1411 2002 1461 Martio,

1103 1480 1254 1520 1243.

418 1572 479 1632 In
511 1591 674 1629 nomine
707 1593 856 1629 sancte
889 1593 931 1629 et
962 1590 1172 1629 indiuidue
1204 1589 1436 1629 Trinitatis.
1468 1590 1617 1630 Amen.
1663 1590 1753 1629 Nos
1787 1588 2094 1642 Wencezlaus,

248 1659 312 1698 dei
337 1660 478 1713 gratia
504 1659 601 1697 Rex
625 1659 868 1698 Boemorum
891 1662 1077 1711 quartus,
1104 1658 1289 1697 omnibus
1316 1659 1614 1710 inperpetuum.
1666 1656 1770 1698 Cum
1795 1659 1901 1697 inter
1924 1660 2094 1697 ceteras

246 1727 379 1766 anime
410 1727 586 1766 uirtutes
618 1727 849 1765 memoriam
883 1737 982 1765 esse
1023 1729 1187 1765 constet
1219 1727 1259 1764 in
1292 1726 1480 1765 humanis
1519 1727 1683 1766 actibus
1715 1727 1889 1764 maxime
1922 1728 2096 1775 oportu-

246 1807 352 1848 nam,
386 1795 481 1845 quia
514 1798 649 1833 tamen
684 1798 724 1833 et
756 1795 848 1845 ipsa
881 1798 1051 1845 propter
1083 1795 1337 1834 exteriarum
1377 1806 1513 1834 rerum
1546 1806 1670 1833 curas
1711 1798 1752 1833 et
1784 1793 2096 1843 sollicitudines,

248 1863 395 1914 quibus
414 1861 672 1913 frequentius
696 1865 855 1901 mentes
872 1863 1097 1901 mortalium
1120 1866 1388 1915 occupantur,
1407 1866 1618 1902 vetustate
1635 1863 1830 1913 temporis
1855 1861 2096 1900 hebetatur:

247 1931 418 1984 dignum
451 1934 492 1970 et
531 1930 629 1969 utile
663 1930 852 1969 duximus
895 1930 1204 1983 prouidendum,
1236 1934 1282 1969 vt
1320 1934 1539 1984 gestorum
1578 1931 1729 1969 seriem
1768 1930 2096 1980 subscriptorum

247 2010 324 2048 per
363 1999 536 2051 literam,
578 2009 658 2049 que
699 1998 911 2048 columpna
961 2002 1027 2037 est
1064 1999 1271 2051 memorie,
1312 2010 1392 2049 qua
1435 2000 1555 2037 etiam
1599 1998 1842 2037 dormitante
1881 2009 2097 2049 numquam

249 2067 422 2106 dormiet
453 2070 494 2106 et
527 2070 775 2120 marcescet,
807 2069 950 2116 vtpote
983 2069 1236 2118 cunctorum,
1276 2077 1356 2117 que
1389 2070 1598 2119 geruntur
1630 2066 1706 2104 sub
1739 2069 1937 2119 tempore,
1971 2066 2096 2104 inex-

247 2133 398 2172 hausta
441 2137 482 2173 et
519 2134 658 2173 uiuida
698 2134 1007 2186 conseruat1·iX,
1050 2134 1369 2173 transmittamus
1415 2134 1607 2172 memorie
1647 2137 1920 2187 posterorum,
1959 2144 2012 2172 ne
2055 2135 2097 2173 et

249 2202 340 2250 ipsa
375 2203 526 2254 perire,
552 2206 621 2240 aut
653 2202 694 2240 in
719 2202 962 2241 obliuionem
994 2201 1135 2240 ualeat
1159 2205 1229 2240 aut
1261 2202 1301 2240 in
1327 2202 1481 2239 irritum
1514 2201 1729 2254 deuenire,
1762 2201 2096 2252 quemadmodum

251 2269 508 2318 plurimorum
547 2271 686 2323 gestis
728 2270 919 2309 nobilium
951 2270 1129 2308 uirorum
1169 2269 1323 2307 nostris
1362 2269 1614 2319 temporibus
1656 2271 1841 2308 nouimus
1881 2270 2094 2308 euenisse.

251 2334 423 2375 Cunctis
456 2338 587 2390 igitur
618 2342 696 2377 tam
729 2338 910 2389 posteris
941 2347 1058 2388 quam
1089 2337 1297 2376 modernis
1326 2338 1576 2387 presentium
1609 2340 1756 2376 tenore
1789 2335 1876 2376 fieri
1909 2337 2094 2376 uolumus

251 2402 518 2455 manifestum,
553 2406 659 2455 quod
693 2406 1012 2445 considerantes
1045 2405 1303 2444 deuotionem
1338 2409 1379 2444 et
1410 2405 1587 2444 honeste
1619 2407 1703 2445 uite
1736 2406 2095 2444 conuersationem

253 2471 399 2510 domini
440 2473 603 2511 abbatis
643 2473 856 2513 Ambrosie·
897 2477 938 2513 et
979 2476 1209 2513 conuentus
1255 2472 1476 2523 Syloemis
1518 2475 1755 2512 monasterii
1796 2474 2011 2524 emptionis
2052 2476 2094 2512 et

252 2539 500 2578 uenditionis
540 2545 794 2580 contractum
841 2543 949 2581 inter
997 2542 1170 2581 eundem
1213 2546 1457 2581 conuentum
1498 2545 1539 2580 et
1585 2540 1753 2580 fratrem
1801 2542 2094 2594 Hermannum,
