2155 2928
1100 143 1207 184 394

1028 280 1262 324 CCCXCI.

230 383 395 431 Bruno⁷
417 382 636 433 episcopus
662 378 962 427 otonem-ensis,
990 377 1299 415 concessionem
1323 375 1543 427 enjusdam
1566 379 1703 415 terrae
1725 377 1768 415 in
1789 376 2069 419 Drozdowice

291 437 460 501 Rittjrto
490 449 685 487 servienti
716 447 943 498 confirmat.
1004 444 1155 483 Actum
1196 443 1418 494 Olomucii,
1459 444 1590 483 XIII.
1630 444 1854 484 Kalendas
1885 447 2008 498 Maji,

1077 510 1229 551 1267.

401 573 459 633 In
499 591 659 630 nomine
699 588 845 627 domini
885 597 1017 625 amen.
1088 586 1179 625 Nos
1218 587 1360 625 Bruno
1403 586 1469 625 dei
1512 587 1661 640 gracia
1704 588 1928 639 episcopus
1967 588 2068 628 010-

229 660 449 700 mucensis.
512 658 656 696 Notum
697 654 866 693 facimus
911 655 1120 692 vniuersis
1161 658 1238 692 tam
1280 655 1544 704 presentibus
1577 666 1694 705 quam
1729 654 1888 695 futuris.
1951 655 2068 704 Quod

231 739 320 766 cum
355 732 505 765 terram
537 735 654 762 unam
688 723 727 760 in
763 720 1046 760 Drozdowicz
1078 721 1131 760 ad
1165 734 1240 760 nos
1267 723 1538 772 pertinentem
1572 723 1722 761 dilecto
1756 722 1834 761 filio
1867 725 2068 777 magistro

230 795 400 834 Iohanni
451 791 741 830 archidiacono
787 789 1039 828 Znoemensi
1083 790 1122 827 in
1172 790 1353 828 ecclesia
1401 789 1662 829 Olomucensi
1711 792 2068 840 concessissemus

231 861 416 913 quamdiu
451 860 609 897 uiueret
643 857 946 907 possidendam.
981 857 1084 895 idem
1127 857 1336 907 redempto
1370 858 1459 896 iure
1499 858 1606 908 quod
1647 858 1795 897 dicitur
1836 859 2070 900 Purkrecht

228 941 251 967 a
286 928 461 967 llodone
509 926 669 964 sororio
712 925 982 963 Morauconis
1027 924 1232 974 capellani
1279 925 1518 978 Pragensis
1568 926 1754 976 episcopi
1802 928 1869 977 qui
1918 930 2068 967 terram

228 996 397 1035 eandem
443 995 530 1032 iure
574 992 818 1043 possidebat
860 992 1045 1043 predicto
1087 992 1277 1033 Rhiuino
1326 994 1526 1032 seruienti
1573 1005 1649 1032 suo
1700 997 1741 1033 et
1784 994 2068 1048 Margarethe

227 1063 342 1102 uxori
377 1061 557 1100 eiusdem
593 1062 700 1110 nepti
735 1061 864 1110 ipsius
897 1061 1088 1113 magistri
1114 1060 1313 1100 Iohannis
1346 1073 1395 1099 ac
1429 1072 1568 1100 eorum
1603 1062 1828 1101 heredibus
1856 1063 1946 1102 iure
1971 1073 2070 1114 pre-

226 1130 309 1170 l'ato
343 1130 551 1168 concessit
596 1131 795 1178 perpetuo
828 1129 1122 1178 possidendam
1162 1130 1218 1167 ita
1259 1129 1366 1180 quod
1407 1129 1526 1168 iidem
1570 1130 1609 1169 in
1643 1128 1751 1169 festo
1792 1132 1928 1170 sancti
1961 1130 2068 1171 Galli

226 1199 322 1237 licet
346 1196 529 1247 prefatus
557 1197 609 1235 H.
644 1208 724 1234 non
757 1196 929 1235 soluerit
963 1197 1039 1235 nisi
1073 1195 1273 1236 fertonem
1300 1198 1469 1249 argenti
1498 1197 1700 1236 dimidiam
1725 1199 1874 1236 marcis
1899 1199 2069 1252 argenti

232 1266 349 1304 liberi
383 1266 434 1304 ab
468 1264 653 1303 omnibus
676 1264 800 1302 talliis
834 1268 875 1303 et
900 1265 1188 1303 exactionibus
1213 1266 1419 1304 annuatim
1451 1265 1619 1304 soluere
1651 1269 1872 1305 teneantur
1905 1270 2071 1316 propter

227 1333 333 1384 quod
373 1332 476 1371 idem
516 1333 722 1385 magister
753 1332 963 1371 Iohannes
997 1332 1240 1381 suppliciter
1273 1333 1416 1382 petiuit
1454 1344 1478 1371 a
1511 1333 1644 1386 nobis7
1679 1337 1723 1372 vt
1755 1335 2069 1374 concessionem

225 1405 352 1440 ratam
388 1400 589 1438 habentes
624 1400 796 1438 eandem
830 1401 958 1450 ipsam
992 1401 1239 1439 auctoritate
1273 1405 1414 1439 nostra
1448 1399 1691 1440 confirmare
1724 1401 1939 1441 vellemus,
1979 1401 2068 1441 Nos

225 1475 357 1508 autem
391 1470 480 1507 eius
515 1468 708 1518 precibus
742 1468 925 1507 inclinati
961 1474 1130 1520 propter
1162 1469 1283 1508 multa
1312 1469 1483 1509 seruitia
1511 1469 1629 1509 nobis
1656 1473 1697 1507 et
1721 1469 1904 1508 ecclesie
1928 1473 2069 1509 nostre

225 1537 409 1575 exhibita
442 1537 757 1576 concessionem
797 1536 970 1576 eandem
1016 1541 1143 1576 ratam
1187 1536 1392 1576 habentes
1434 1540 1475 1576 et
1516 1538 1646 1587 ipsam
1687 1538 1872 1587 presenti
1911 1537 2069 1591 pagina

227 1603 509 1643 confirmamus
544 1616 593 1642 ac
628 1604 666 1642 in
700 1604 820 1643 huius
846 1605 906 1643 rei
932 1605 1202 1645 testimonium
1236 1605 1364 1655 ipsam
1397 1605 1526 1659 sigilli
1552 1606 1684 1645 nostri
1717 1606 1907 1645 iussimus
1939 1605 2069 1644 muni-

224 1674 329 1712 mine
362 1673 563 1712 roborari.
625 1673 773 1711 Actum
807 1672 1002 1712 Olomucii
1037 1673 1154 1712 XIII.
1187 1672 1266 1712 kal.
1300 1673 1401 1712 Maii
1436 1683 1544 1712 anno
1578 1673 1724 1712 domini
1758 1671 2066 1713 MCCLXVII.

225 1742 488 1791 presentibus
541 1741 820 1780 Heberhardo
880 1742 1091 1792 preposito
1148 1741 1315 1780 Allexio
1364 1742 1574 1793 preposito
1623 1743 1662 1779 in
1713 1739 2068 1780 Wolsramskirch

225 1807 415 1848 Heidolso
472 1810 680 1860 preposito
732 1810 772 1847 in
830 1807 1017 1849 Cremsir
1064 1810 1278 1847 canonicis
1326 1808 1667 1848 Olomucensibus
1725 1812 1766 1847 et
1811 1809 1902 1848 aliis
1951 1819 2067 1859 quam

226 1877 420 1927 pluribus.
482 1878 631 1917 Datum
675 1888 749 1927 per
788 1889 931 1918 manus
965 1876 1148 1918 Conradi
1187 1878 1335 1918 notarii
1379 1879 1509 1919 nostri
1548 1877 1740 1918 canonici
1782 1876 2065 1918 olomucensis

225 1944 292 1983 die
324 1948 365 1983 et
397 1945 487 1984 loco
520 1943 707 1995 prefatis.

529 2034 559 2066 E
583 2034 724 2066 codice
748 2033 1006 2067 Olomucensi
1029 2034 1132 2067 chart.
1156 2034 1200 2067 11.
1223 2034 1277 2065 sol.
1303 2031 1365 2068 56.

1012 2151 1268 2193 CCCXCII.

226 2243 364 2281 Bora<
403 2243 453 2281 de
485 2244 749 2297 Riesenbnry
788 2245 995 2297 fratribus
1035 2246 1320 2288 Eremilarum
1368 2245 1531 2284 ordinis
1571 2257 1604 2283 s.
1643 2246 1869 2296 Anqustim'
1908 2245 2067 2297 confert

228 2309 439 2349 (Ιὶηιὶιῖὶαηι
462 2313 602 2351 villum
631 2314 825 2352 Talenice
850 2316 888 2351 et
909 2317 1083 2364 quatuor
1110 2315 1252 2353 laneos
1280 2315 1322 2352 in
1346 2313 1635 2366 T1·2'ebendorfi
1686 2315 1756 2353 Dt.
1785 2315 1828 2352 in
1860 2311 2063 2365 „Lustz”,
2127 2318 2129 2324 ’

814 2381 884 2421 VJ.
919 2381 1141 2420 Kalendas
1173 2383 1296 2433 Maji,
1336 2381 1486 2422 1267.

398 2436 455 2494 In
496 2457 655 2494 nomine
696 2457 842 2495 domini
883 2459 1010 2496 nostri
1051 2458 1150 2496 Iesu
1191 2457 1359 2497 Christi.
1408 2458 1555 2496 Amen.
1625 2457 1689 2496 Ea
1734 2468 1813 2508 que
1854 2455 1951 2495 fiunt
1988 2453 2060 2494 sub
2124 2494 2126 2497 .

230 2522 424 2573 tempore7
445 2522 558 2560 simul
582 2534 670 2562 cum
691 2527 873 2576 tempore
900 2525 1131 2579 discedunt,
1155 2526 1234 2564 nisi
1257 2525 1364 2577 stylo
1382 2526 1573 2566 memorie
1597 2523 1749 2564 fuerint
1773 2523 2060 2564 commendata.

2148 1300 2151 1315 r

2147 1325 2150 1346 1

2124 1362 2127 1363 ’
2146 1347 2150 1398 l
