2155 2928
1101 147 1130 186 3
1138 146 1307 206 9⁷8-ss

238 298 444 349 geruntur
464 292 573 332 firma
597 302 762 342 semper
782 294 823 329 et
841 288 992 327 illibata
1014 287 1252 336 persistant.
1285 285 1454 324 'Penore
1477 286 1726 336 presentium
1750 289 1884 325 notum
1902 284 2074 326 facimus

239 363 344 415 quod
380 374 454 400 nos
489 362 686 411 inspectis
720 355 1039 397 necessitatibus
1072 354 1309 392 monasterii
1343 353 1395 391 de
1427 352 1543 394 Sam·
1575 353 1731 392 ordinis
1764 351 2076 404 Cysterciensis

238 441 366 480 super
398 430 566 468 decimis
601 428 731 478 plenis
764 425 858 463 ville
892 423 943 461 de
978 421 1168 471 Zlmyel-z-
1197 426 1338 459 nostre
1373 421 1580 471 dyocesis.
1607 432 1711 472 quas
1744 421 1852 460 bone
1884 423 2075 462 memorie

238 497 423 537 dominus
462 495 631 535 Boccho
680 493 870 532 fundator
919 491 1047 540 ipsius
1094 489 1332 527 monasterii
1375 490 1440 539 pie
1492 489 1724 528 deuotionis
1765 490 1906 528 intuitu
1946 489 2077 530 eidem

238 565 407 604 contulit
445 562 705 613 monasterio⁷
751 560 814 598 sic
856 557 1154 596 deliberatione
1200 557 1374 606 prouida
1422 556 1611 596 duximus
1663 556 1930 596 ordinandum
1971 558 2077 608 quod

238 633 366 684 ipsum
408 630 691 670 monasterium
733 626 835 665 duas
877 629 1032 678 partes⁷
1072 628 1114 663 et
1151 625 1307 664 Rector
1339 625 1536 664 Ecclesia
1575 625 1619 663 in
1656 625 1757 663 villa
1797 624 1848 663 de
1887 624 2078 675 Zlmyelz

240 701 305 751 qui
340 711 413 749 pro
452 703 633 747 tempore
666 693 801 747 suerit7
843 693 1012 731 terciam
1046 696 1202 742 partem
1243 693 1405 731 nomine
1438 693 1558 745 dotis,
1592 692 1839 731 decimarum
1871 693 2076 732 annuatim

239 768 438 818 percipiat
486 763 729 802 earumdem.
811 760 927 808 Quod
978 764 1112 799 autem
1159 760 1239 799 hec
1287 761 1489 799 ordinatio
1535 764 1677 799 nostra
1723 761 1850 799 robur
1896 760 2079 801 obtineat

237 838 437 885 perpetue
477 830 669 870 firmitatis
712 829 929 879 nullusque
969 829 1095 878 ipsam
1139 832 1348 879 presumat
1391 827 1626 881 infringere
1666 828 1772 879 quod
1805 827 2078 867 anathematis

237 900 562 940 interminatione
595 898 819 936 districtius
850 896 1094 949 inhibemus,
1127 900 1362 946 presentem
1397 897 1594 950 paginam
1621 897 1834 947 nostrique
1867 907 1917 934 ac
1950 893 2079 945 Capi-

237 969 306 1007 tuli
350 968 476 1006 nostri
510 966 740 1019 sigillorum
783 965 998 1003 munimine
1032 963 1201 1003 fecimus
1241 964 1443 1002 roborari.
1507 964 1657 1003 Datum
1702 964 1741 1003 in
1781 962 1992 1003 Planceke
2023 962 2077 1003 V.

236 1037 380 1076 Nonas
414 1034 619 1074 Octobris.
652 1033 776 1072 Anno
810 1032 958 1071 domini
991 1032 1051 1071 M.
1085 1030 1173 1073 CC.
1206 1032 1388 1071 LXVII.

543 1139 596 1171 Ex
628 1139 817 1180 originali
851 1148 922 1170 cum
958 1139 1074 1179 sigillis
1112 1140 1247 1180 integris
1283 1139 1315 1170 in
1348 1138 1482 1171 archivo
1520 1137 1680 1180 quondam
1721 1138 1901 1169 monialium
1939 1137 2078 1169 Aulae

644 1190 824 1232 Reginae
847 1191 880 1221 in
901 1189 1085 1231 Antiqua
1108 1190 1252 1221 Bruna.

1003 1360 1203 1404 CCCXC
1211 1363 1304 1403 vll.

238 1476 447 1525 Jocmnes,
490 1474 731 1525 Prayensis
770 1473 1012 1525 episcopus,
1052 1474 1096 1512 in
1133 1473 1326 1525 favorem
1366 1476 1542 1512 exustae
1581 1473 1783 1512 ecclesiae
1821 1471 2074 1511 cathedralis

267 1543 556 1583 olomucensis
588 1542 824 1593 encyclicas
857 1540 942 1580 edit
971 1541 1127 1580 literas.
1192 1542 1349 1580 Datum
1390 1542 1578 1592 Pruyae,
1618 1541 1686 1580 die
1726 1541 1801 1580 18.
1835 1539 2039 1591 Octobris,

1087 1608 1237 1648 1267.

407 1701 629 1761 Iohannes
669 1719 734 1758 dei
777 1719 928 1772 gracia
972 1719 1203 1772 pragensis
1245 1719 1468 1769 episcopus
1509 1718 1672 1758 dilectis
1713 1718 1753 1757 in
1787 1716 1956 1758 Christo
1988 1715 2078 1756 filiis

238 1787 423 1839 decanis,
457 1787 644 1838 plebanis
678 1791 719 1826 et
752 1798 891 1826 eorum
925 1788 1096 1826 vicariis
1130 1790 1171 1826 et
1198 1786 1289 1825 aliis
1323 1787 1507 1826 omnibus
1541 1786 1774 1826 rectoribus
1808 1786 2077 1825 ecclesiarum

240 1860 380 1894 nostre
412 1856 590 1894 ciuitatis
624 1859 665 1894 et
698 1855 906 1906 dyocesis.
947 1854 1015 1894 Ad
1046 1866 1149 1906 quos
1183 1856 1424 1905 peruenerit
1456 1866 1633 1905 presens
1666 1856 1875 1908 scriptum,
1907 1855 2078 1893 salutem

239 1925 278 1962 in
319 1924 490 1962 domino.
537 1923 793 1963 Exibitorem
834 1925 1094 1974 presencium
1133 1923 1184 1961 ad
1227 1935 1304 1962 uos
1344 1924 1650 1962 transmittimus
1691 1923 1729 1961 in
1769 1923 1919 1961 uirtute
1958 1921 2078 1961 vobis

239 1991 482 2030 obediencie
524 1991 710 2030 districte
751 1991 1018 2042 precipiendo
1052 1991 1308 2043 mandantes7
1349 1992 1541 2042 quatinus
1583 1991 1756 2029 nuncios
1791 1989 2078 2030 olomucensis
2138 2007 2140 2009 ·

239 2059 420 2098 ecclesie
461 2070 548 2097 cum
591 2059 643 2098 ad
686 2071 761 2098 nos
802 2060 995 2098 uenerint
1042 2070 1115 2109 pro
1163 2058 1354 2109 petendis
1401 2056 1574 2097 fidelium
1615 2059 1851 2097 elemosinis
1890 2057 2077 2110 benigne
2136 2044 2139 2095 2⁴

240 2128 488 2177 recipientes
522 2126 704 2166 fraterna
739 2129 914 2166 caritate
956 2127 996 2165 in
1035 2127 1195 2166 domino
1236 2127 1523 2178 pertractetis3
1567 2126 1753 2176 populum
1786 2126 1925 2176 itaque
1958 2125 2076 2163 vobis
2134 2117 2138 2170 ζ’

240 2196 490 2232 commissum
532 2195 583 2234 ad
626 2195 704 2234 hoc
737 2196 814 2234 sub
849 2206 956 2246 pena
990 2195 1435 2234 excommunicacionis
1469 2194 1726 2247 inducentes7
1767 2197 1971 2244 quatenus
2010 2191 2075 2237 illo
2134 2204 2137 2218 ν

241 2261 305 2299 die
338 2273 425 2301 cum
458 2264 497 2301 in
530 2263 723 2302 ecclesiis
757 2264 911 2302 vestris
936 2263 1105 2302 uerbum
1132 2263 1196 2301 dei
1224 2273 1458 2314 proponere
1484 2262 1702 2314 voluerint⁷
1731 2261 1782 2300 ab
1807 2261 1910 2300 omni
1935 2258 2075 2299 seruili
2132 2254 2135 2292 Ϊ

242 2340 368 2378 opere
401 2331 650 2382 abstineant7
683 2332 816 2370 donec
849 2332 1062 2370 missarum
1095 2331 1335 2381 sollempnia
1369 2333 1410 2369 et
1442 2330 1480 2369 in
1515 2329 1766 2383 dulgencias
1799 2329 1945 2368 domini
1970 2337 2074 2378 pape
2132 2318 2133 2334 ³

243 2400 282 2435 et
314 2402 492 2450 nostras7
527 2410 686 2438 necnon
721 2404 761 2438 et
784 2400 1038 2439 venerabilis
1072 2397 1212 2438 fratris
1241 2399 1368 2437 nostri
1402 2398 1548 2437 domini
1576 2397 1862 2438 Olomucensis
1890 2393 2072 2447 episcopi
2130 2404 2131 2411 ¹

243 2467 283 2501 et
310 2466 488 2504 ecclesie
521 2467 626 2505 illins
653 2468 815 2517 capituli
845 2471 886 2506 et
910 2467 1077 2506 aliorum
1103 2468 1389 2517 episcoporum
1416 2466 1618 2504 humiliter
1642 2465 1811 2504 audiant
1834 2476 1884 2503 ac
1912 2464 2072 2503 deuote.
2128 2493 2131 2497 ,

243 2530 288 2569 Si
323 2533 386 2582 qui
420 2545 519 2572 uero
555 2535 734 2573 rebelles
766 2539 808 2574 et
841 2535 1128 2575 inobedientes
1162 2535 1313 2574 inuenti
1348 2532 1511 2586 fuerint,
1552 2533 1695 2572 damus
1727 2532 1881 2572 eisdem
1915 2531 2072 2570 nunciis
