2155 2928
1048 285 1180 325 CLII.

202 390 486 430 Wenceslans.
533 400 616 426 rea·
655 385 868 424 Roffmiae.
917 380 1168 419 monasterio
1215 376 1535 416 Il‘elelzradensi
1577 377 1803 428 prii-ileyz‘a
1850 376 2033 427 Roma-ti,

195 459 379 510 episcopi
413 455 715 496 Olonna-ensis.
756 463 882 502 super
915 448 1087 487 decimis
1125 445 1329 484 rale'habel
1366 447 1405 483 c!
1442 444 1670 497 confirmat.
1734 445 1807 483 De.
1846 445 2033 496 Brumae,

760 520 801 558 ἱιι
830 519 938 569 sesto
971 528 1004 553 s.
1036 514 1279 563 Francis-ci,
1319 513 1470 552 1250.

279 616 672 684 xvfflcnccslaus]
707 629 771 667 dci
806 626 954 680 gracia
991 636 1067 663 rex
1099 623 1269 662 Boemie
1301 623 1406 661 viris
1439 623 1655 676 religiosis
1687 622 1826 662 abbati
1860 626 1902 662 et
1932 633 2034 662 con-

195 704 334 742 uentui
360 703 399 740 in
440 698 664 749 mleyrad
691 694 1005 746 cysterciensis
1030 692 1187 730 ordinis
1205 692 1337 730 anime
1363 702 1439 729 sue
1460 691 1753 742 paranimphis.
1780 689 2035 731 defensionis

194 783 244 809 ac
277 771 429 824 gracIe
462 779 536 806 sue
561 764 822 804 omnimodam
856 762 1100 799 vbertatem.
1150 760 1259 808 Qvia
1293 760 1473 812 largitor
1497 760 1668 798 omnium
1693 759 1891 798 bonorum
1919 759 2035 798 deus.

196 839 316 877 dives
350 839 390 876 in
423 846 575 875 omnes.
602 834 715 871 iuxta
747 830 960 883 largitatis
993 839 1070 867 sue
1095 828 1371 867 moderamen.
1405 839 1481 866 nos
1514 839 1586 878 pro
1622 826 1730 867 fastu
1753 828 1884 866 seculi
1919 839 2035 878 quam

193 905 376 956 pluribus
394 902 704 954 prestanciores
724 897 945 936 constituit.
971 897 1120 935 collata
1136 897 1257 935 nobis
1285 896 1482 935 divinitus
1502 894 1717 934 beneficia.
1745 896 1796 934 ad
1821 894 2035 934 fovendos.

193 977 233 1011 et
267 969 580 1022 promovendos.
614 978 663 1006 ac
696 964 980 1005 defensandos
1013 964 1079 1003 dei
1113 976 1275 1004 seruos.
1309 965 1452 1003 merito
1487 976 1563 1002 nos
1598 965 1784 1002 invitant.
1841 963 2036 1003 Ecclesie

193 1041 321 1093 igitur
353 1035 732 1089 Welegmdensis.
761 1045 841 1085 que
875 1045 899 1072 a
925 1033 1086 1073 deuotis
1111 1033 1454 1086 progenitoribus
1482 1033 1650 1071 nostris.
1675 1043 1839 1071 necnon
1866 1044 1890 1070 a
1918 1031 2035 1071 nobis

194 1106 384 1146 fontalem
409 1105 533 1143 trahit
558 1103 777 1156 originem.
802 1101 1092 1141 fundacionem
1115 1113 1164 1140 ac
1185 1096 1443 1140 l'undacionis
1468 1101 1698 1140 libertatem
1723 1104 2036 1155 cognoscentes

192 1177 232 1214 in
265 1176 486 1227 integrum.
517 1171 774 1210 venerabilis
808 1181 970 1222 quoque
993 1170 1121 1220 patris
1154 1170 1370 1221 Rvoperti.
1403 1174 1500 1209 tunc
1534 1169 1821 1209 olomuc-ensis
1854 1169 2036 1208 ecclesie

191 1243 388 1293 episcopi.
422 1252 584 1279 necnon
618 1244 659 1278 et
692 1239 877 1278 eiusdem
908 1239 988 1277 loci
1022 1239 1191 1289 capituli
1223 1239 1403 1277 vnanimi
1437 1249 1648 1277 consensu
1688 1238 1875 1291 cognito.
1910 1247 2037 1287 super

192 1312 371 1352 decimis.
404 1310 550 1361 quibus
584 1309 768 1348 ecclesia
799 1307 1168 1361 Welegmdensis
1193 1305 1424 1346 cathedrali
1458 1306 1680 1345 tenebatur
1713 1306 1911 1345 ecclesie.
1946 1305 2036 1356 ple-

191 1392 281 1420 num
314 1378 577 1429 perhibemus
604 1377 886 1416 testimonium.
921 1376 1029 1427 quod
1055 1375 1290 1414 antedictus
1325 1376 1560 1426 episcopus.
1584 1378 1841 1425 prenotatum
1874 1383 2036 1425 quoque

192 1447 421 1498 capitulum.
454 1446 495 1485 in
527 1446 812 1484 remissionem
844 1456 1010 1483 suorum
1044 1445 1322 1494 peccaminum
1356 1446 1398 1482 et
1430 1443 1652 1482 remedium
1679 1442 1901 1481 animarum
1934 1453 2036 1480 sua-

191 1528 275 1555 rum
309 1518 350 1554 et
382 1514 699 1568 progenitorum
738 1525 904 1553 suorum
945 1513 1024 1552 ivri
1067 1524 1157 1565 suo7
1192 1511 1300 1563 quod
1342 1512 1383 1550 in
1425 1511 1625 1563 predictis
1666 1511 1836 1549 decimis
1876 1510 2035 1549 habere

192 1584 439 1623 videbantur
472 1583 771 1622 renunciarunt
803 1581 1006 1621 absolute.
1041 1581 1080 1619 in
1112 1578 1298 1619 fauorem
1332 1584 1373 1618 et
1405 1579 1633 1618 subsidium
1666 1579 1850 1618 ecclesie
1882 1589 2036 1617 memo-

191 1656 293 1691 rate.
355 1651 422 1691 Ne
455 1652 587 1704 igitur
619 1651 768 1701 aliquis
800 1661 1028 1689 successor
1061 1649 1208 1687 domini
1242 1648 1482 1699 R.[uperti]
1517 1648 1719 1699 quondam
1753 1647 2037 1687 olomucensis

192 1721 388 1771 episcopi.
421 1721 538 1758 cuius
579 1724 765 1770 tempore
799 1723 944 1758 vestra
984 1716 1154 1756 fundata
1196 1721 1238 1756 et
1270 1722 1519 1756 consecrata
1561 1720 1627 1755 est
1659 1715 1857 1754 ecclesia.
1890 1720 2036 1755 contra

193 1800 270 1828 vos
310 1789 350 1827 in
389 1788 650 1839 requirendis
692 1787 861 1826 decimis
906 1786 1163 1841 malignandi
1205 1790 1336 1824 sumat
1384 1786 1610 1824 materiam.
1652 1785 1839 1823 volumus
1879 1789 1921 1823 et
1959 1784 2036 1823 sub

192 1860 361 1907 optentv
393 1857 543 1909 gracie
576 1862 719 1895 nostre
751 1856 872 1894 uobis
900 1855 1203 1895 districtissime
1238 1854 1515 1905 prohibemus.
1539 1859 1743 1904 quatenus
1776 1852 1872 1891 nulli
1904 1852 2036 1891 homi-

191 1936 282 1963 num
321 1929 450 1963 metus
492 1925 561 1964 vel
601 1925 753 1979 gracie
801 1928 1012 1975 respectu.
1061 1924 1215 1963 clerico
1254 1923 1324 1962 vel
1364 1922 1500 1972 layco.
1548 1923 1639 1960 sine
1681 1925 1823 1960 nostro
1863 1920 2034 1972 speciali

192 1993 377 2031 consilio.
411 1993 569 2044 aliquas
603 1994 786 2032 decimas
820 1993 1085 2043 persoluatis.
1120 2002 1173 2030 ne
1207 2002 1282 2041 per
1316 1994 1497 2029 vestram
1530 1990 1859 2040 pusillanimitam
1892 1988 2036 2028 eccle-

193 2061 293 2099 siam
326 2061 431 2100 adeo
465 2062 635 2100 liberam
675 2062 896 2115 contingat
934 2061 1196 2111 aliquatenus
1230 2059 1430 2098 ancillari.
1494 2058 1663 2098 Sciatis.
1697 2057 1804 2109 quod
1845 2055 2035 2096 faciendo

198 2130 437 2179 oppositum.
471 2130 523 2168 ab
556 2130 723 2169 auxilio.
758 2128 903 2169 fauore
937 2134 978 2168 et
1011 2129 1149 2182 regali
1184 2129 1333 2182 gracia
1369 2127 1529 2166 omnino
1570 2127 1687 2165 eritis
1727 2126 1863 2165 alieni.
1925 2126 2035 2165 Data

195 2198 232 2235 in
266 2198 404 2237 Berne
437 2210 544 2237 anno
579 2199 730 2252 gracie
763 2197 824 2237 Μ.
859 2195 947 2239 CC.
980 2197 1031 2237 L.
1064 2198 1105 2237 in
1137 2195 1245 2237 sesto
1278 2197 1413 2235 sancti
1446 2196 1677 2234 Francisci.

498 2309 547 2339 Ex
571 2309 765 2349 originali
791 2308 968 2349 ejusdem
984 2309 1168 2340 monasterii
1181 2318 1252 2340 cum
1271 2308 1379 2350 sigillo
1393 2308 1483 2339 laeso
1505 2306 1672 2338 bilaterali.
1686 2324 1726 2329 —
1744 2304 1881 2337 Codex
1898 2304 2036 2336 Wele-

600 2360 824 2391 hradensis
848 2361 869 2390 f.
893 2359 956 2391 41.
