2155 2928
1069 230 1071 232 ,
1104 190 1201 230 152

228 346 302 385 per
333 338 482 373 terram
517 336 559 373 et
592 344 666 384 per
698 344 842 383 aquam
876 332 955 370 sibi
996 335 1037 370 et
1069 329 1252 368 ecclesie
1284 327 1529 368 confirmare
1569 329 1841 383 dignaremur
1872 336 1914 373 et
1945 334 2064 375 etiam

226 413 447 442 renouare.
510 402 694 452 Ideoque
727 400 962 439 mandamus
997 397 1183 436 omnibus
1215 397 1400 435 mutariis
1433 407 1509 447 per
1539 400 1691 437 terram
1724 402 1766 438 et
1798 410 1874 449 per
1905 411 2064 456 aquam,

225 476 429 521 quatenus
464 471 565 521 iura7
599 480 679 519 que
713 468 884 518 predicti
927 466 1003 504 loci
1038 465 1275 515 prepositus
1317 468 1359 503 et
1391 466 1581 504 canonici
1614 465 1849 506 habuerunt
1880 468 1921 506 in
1952 472 2063 509 terra

225 543 267 577 et
306 540 345 577 in
378 549 485 588 aqua
527 542 709 587 tempore
743 535 870 585 patris
912 537 952 572 et
985 531 1125 572 fratris
1165 534 1308 586 nostri,
1353 534 1415 572 eis
1456 534 1748 573 inuiolabiliter
1789 538 2063 592 conseruetis,

225 616 278 645 ne
311 607 420 646 dicta
454 605 635 643 ecclesia
670 606 838 653 propter
876 600 1034 640 cladem
1068 600 1256 639 bellicam
1290 601 1439 651 perdat
1470 602 1806 642 irrationabiliter
1844 604 1932 642 iura
1966 616 2063 659 sua3

226 675 396 713 omnium
430 675 577 723 quippe
604 672 874 710 ecelesiarum
908 670 997 707 iura
1028 669 1289 722 intendimus7
1317 673 1509 720 quantum
1537 682 1766 725 possumus,
1793 682 2062 728 conseruare,

225 746 270 780 vt
302 742 395 780 Deo
429 740 688 789 omnipotenti
728 743 770 776 et
801 737 958 775 sanctis
1004 737 1109 790 eius7
1144 737 1291 787 quibus
1333 739 1534 791 seruiunt,
1569 750 1642 788 pro
1676 739 1812 778 salute
1845 739 1991 779 domini
2023 745 2063 782 et

224 810 355 847 mariti
398 809 526 847 nostri
573 810 613 845 et
653 810 796 844 nostra
846 815 1013 855 precum
1056 805 1295 844 deuotarum
1345 804 1571 844 offerantur
1611 807 1770 861 iugiter
1807 807 2061 848 holocausta.

224 877 375 916 Datum
408 878 446 915 in
479 874 683 914 clu-enibs,
716 873 939 913 Sedecima
969 873 1075 912 lunii
1107 885 1217 912 anno
1251 873 1400 913 domini
1432 872 1656 915 MCCLH.

529 972 697 1003 Wiener
718 971 982 1004 Jahrbiicher
1006 970 1065 1003 der
1088 972 1254 1004 Literatur
1277 971 1339 1004 Bd.
1362 970 1444 1013 39.;
1467 972 1769 1015 Anzeigeblatt
1791 983 1868 1016 pag.
1891 971 1955 1006 26.

1021 1137 1266 1180 CLXXXI.

218 1242 381 1293 Brimo,
415 1242 635 1293 episcopus
669 1241 974 1292 mamm-ensis,
1008 1245 1124 1281 creat
1152 1245 1328 1293 quatuor
1361 1242 1588 1282 canonicos
1618 1245 1714 1294 post
1742 1245 1913 1282 moi-lem
1945 1254 2061 1283 suam

218 1323 243 1349 α
275 1310 455 1362 capitulo
493 1309 762 1349 Olomucense·
790 1310 1136 1362 praesentandos.
1199 1311 1290 1350 Act.
1325 1310 1547 1363 Oloznucii,
1580 1312 1625 1350 in
1657 1311 1724 1351 die
1755 1324 1789 1351 3.
1821 1311 2060 1360 ,silit-hams,

1070 1379 1220 1419 1252.

356 1471 518 1531 Bruno
544 1488 612 1528 dei
630 1489 782 1543 gracia
809 1488 1097 1529 olomucensis
1122 1490 1358 1541 episcopus.
1401 1489 1601 1539 Quoniam
1627 1490 1886 1545 singulorum
1904 1490 2060 1531 habere

218 1559 447 1597 memoriam
490 1557 713 1597 diuinitatis
754 1562 820 1598 est
860 1560 1005 1609 pocius
1046 1570 1165 1610 quam
1204 1558 1480 1598 humanitatis.
1522 1561 1731 1598 autentica
1771 1562 1813 1598 et
1844 1559 2059 1598 laudabilis

220 1626 406 1665 decreuit
447 1627 703 1678 antiquorum
737 1627 921 1666 solertia.
963 1632 1004 1666 et
1037 1627 1295 1678 prouidentia
1336 1631 1379 1665 ut
1412 1627 1519 1678 quod
1561 1627 1638 1666 rite
1678 1639 1728 1666 ac
1770 1627 2058 1666 recordatione

219 1695 388 1748 dignum
427 1699 645 1748 ageretur.
689 1707 764 1746 per
803 1696 948 1746 scripti
989 1696 1141 1734 seriem
1188 1696 1384 1734 autentici
1425 1695 1478 1734 ad
1518 1696 1750 1734 memoriam
1792 1699 1835 1734 et
1873 1695 2058 1734 noticiam

219 1763 468 1813 perueniret.
508 1763 599 1802 Nos
626 1764 758 1817 igitur
784 1765 964 1814 ipsorum
988 1767 1212 1803 seruantes
1237 1763 1577 1802 consuetudinem
1607 1764 1742 1802 utilem
1775 1767 1816 1802 et
1846 1763 2056 1802 honestam

218 1832 399 1882 presenti
422 1832 581 1885 pagina
608 1833 791 1883 cupimus
810 1832 862 1871 ad
887 1832 1147 1886 singulorum
1165 1832 1354 1871 noticiam
1380 1832 1616 1882 peruenire.
1637 1831 1743 1883 quod
1769 1843 1856 1870 cum
1876 1832 2057 1870 dominis.

218 1901 431 1939 canonicis
465 1900 648 1939 ecclesie
689 1904 833 1940 nostre
867 1900 1153 1940 olomucensis
1192 1901 1313 1939 talem
1347 1912 1474 1951 super
1513 1901 1722 1939 creatione
1753 1902 1928 1951 quatuor
1957 1910 2056 1951 pre-

218 1967 456 2007 bendarum.
490 1980 593 2019 quas
633 1980 710 2008 nos
743 1969 784 2008 in
825 1969 971 2008 eadem
1013 1970 1197 2008 ecclesia
1229 1980 1437 2008 concessa
1477 1968 1596 2008 nobis
1637 1980 1660 2007 a
1694 1968 1798 2007 sede
1831 1968 2054 2019 apostolica

217 2034 426 2074 facultate.
467 2038 713 2076 creauimus.
754 2040 796 2076 et
834 2038 1028 2088 personis
1074 2038 1236 2076 idoneis
1276 2037 1531 2076 contulimus.
1570 2040 1789 2076 tractatum
1830 2035 2055 2075 huiusmodi

219 2107 258 2142 et
283 2104 577 2143 ordinationem
603 2103 774 2144 fecimus
793 2105 901 2157 quod
928 2107 1118 2144 canonici
1145 2105 1195 2144 ad
1217 2105 1383 2144 easdem
1410 2109 1586 2157 quatuor
1611 2104 1851 2156 prebendas
1875 2103 2054 2157 instituti⁷

219 2177 259 2210 et
291 2183 393 2223 quos
426 2173 580 2212 institui
613 2174 847 2228 continget.
887 2186 968 2213 non
1003 2177 1145 2225 petant
1185 2177 1330 2212 contra
1362 2173 1612 2212 uoluntatem
1646 2176 1688 2212 et
1719 2173 1760 2212 in
1792 2172 2054 2224 preiudicium

218 2241 507 2279 canonicorum
547 2243 820 2294 antiquorum.
860 2253 917 2282 ex
956 2243 1195 2293 prouisione
1243 2245 1285 2281 et
1323 2242 1569 2281 auctoritate
1607 2242 1850 2292 superioris.
1889 2240 2055 2279 aliarum

218 2307 399 2346 eiusdem
433 2309 615 2348 ecclesie
648 2310 954 2360 prebendarum
987 2322 1221 2349 ascensum.
1284 2310 1377 2349 Nec
1417 2313 1561 2361 petant
1593 2310 1808 2361 quicquam
1840 2310 1880 2348 in
1913 2319 2052 2348 censu.

218 2374 398 2413 decimis.
438 2377 727 2417 oblationibus.
777 2383 819 2418 et
858 2380 897 2417 in
937 2379 1261 2430 quibuscumque
1309 2378 1415 2417 aliis.
1456 2378 1564 2429 quod
1605 2379 1784 2429 ipsarum
1825 2378 1977 2416 sentiat
2014 2375 2051 2414 in

219 2441 446 2481 redditibus
485 2444 777 2485 detrimentum.
820 2452 863 2486 et
902 2458 977 2498 per
1017 2447 1124 2498 quod
1165 2451 1397 2486 ceterorum
1439 2448 1732 2486 canonicorum
1771 2447 1902 2497 portio
1934 2443 2051 2484 minui

220 2508 420 2548 uideatur.
476 2510 561 2551 Sed
597 2514 822 2562 prebendis
856 2526 959 2566 quas
994 2527 1069 2554 nos
1103 2516 1349 2555 creauimus.
1384 2519 1424 2555 et
1453 2515 1680 2554 redditibus
1713 2526 1816 2566 quos
1849 2514 2052 2566 assigna-

220 2578 361 2616 uimus.
398 2578 509 2617 iuxta
552 2578 718 2620 sormam
751 2584 910 2633 papalis
951 2585 1147 2623 autentici
1183 2585 1265 2623 sint
1305 2584 1498 2623 contenti.
1561 2584 1653 2623 Nec
1695 2583 1849 2623 debent
1887 2582 2051 2620 aliorum
