2155 2928
1076 179 1183 218 214

206 330 247 365 et
287 326 436 365 auditis
478 329 519 364 et
559 325 786 377 diligenter
826 321 1038 371 inspectis,
1078 330 1157 369 que
1206 330 1278 368 pro
1323 322 1441 368 parte
1482 318 1696 358 abbatisse
1736 323 1777 358 et
1817 324 2045 360 conuentus

206 395 480 445 predictarum
515 392 632 432 suere
666 391 873 442 proposita
918 399 1056 426 coram
1091 386 1222 437 nobis,
1257 390 1297 424 et
1330 396 1457 435 super
1491 388 1713 436 propositis
1747 387 2045 428 deliberatione

206 462 347 501 habita
376 462 580 514 diligenti,
606 460 772 510 plurium
801 459 918 495 etiam
943 456 1079 494 habito
1106 454 1277 492 consilio
1302 455 1546 505 sapientum,
1573 454 1888 504 appellationem
1914 455 2045 494 abba-

206 533 308 568 tisse
342 534 383 568 ct
415 533 643 568 conuentus
685 525 956 576 predictarum
1000 522 1225 575 legitimam
1268 522 1597 571 pronunciatum,
1639 526 1681 560 et
1719 522 1914 573 quidquid
1954 527 2047 573 post

207 598 335 647 ipsam
373 597 687 647 appellationem
726 596 967 631 attentatum
1009 601 1084 639 per
1125 589 1272 627 dictum
1314 591 1550 638 episcopum
1592 590 1741 642 extitit,
1780 596 2045 630 reuocantes.

209 665 262 703 Et
308 667 403 715 quia
445 676 582 714 parum
624 661 843 712 prodesset
884 658 1099 697 humilibus
1140 657 1356 709 humilitas,
1405 658 1482 695 nisi
1532 661 1574 696 et
1622 661 1890 696 contumaces
1932 660 2046 708 penis

206 732 403 786 legitimis
435 730 670 781 ferirentur,
705 728 927 778 predictam
961 726 1212 764 abbatissam
1247 730 1288 764 et
1320 730 1566 764 conuentum
1599 729 1640 764 et
1673 736 1813 764 earum
1847 737 2047 775 procura-

208 803 336 838 torem
370 811 498 838 causa
539 798 598 836 rei
632 795 840 834 seruande
882 794 1099 832 mittendos
1133 793 1394 831 decreuimus
1436 795 1475 831 in
1519 794 1828 843 possessionem
1867 793 2047 832 ecclesie

208 873 440 919 memorate,
474 876 750 915 expensarum
775 863 993 913 questione
1029 861 1225 912 predictis
1250 861 1465 899 abbatisse
1499 866 1540 900 et
1565 862 1784 900 conuentui
1818 864 2047 900 reseruata.

208 936 254 973 ln
287 936 402 973 cuius
435 934 494 972 rei
523 932 793 971 testimonium
827 941 1004 980 presens
1032 930 1338 968 instrumentum
1373 928 1543 968 fecimus
1578 941 1652 980 per
1676 930 1883 982 Ioannem,
1916 940 2048 980 quon-

209 1002 297 1040 dam
339 1002 481 1040 Manui
522 1001 574 1038 de
607 998 758 1039 Castro
798 998 942 1037 Plebis
976 998 1251 1048 subscriptum
1301 999 1501 1036 notarium
1550 998 1776 1049 publicare,
1818 1002 1859 1036 et
1908 1002 2048 1036 nostro

207 1069 346 1122 sigillo
380 1069 535 1107 muniri.
599 1068 709 1105 Data
752 1070 794 1105 et
833 1070 1054 1116 procurata
1094 1070 1159 1104 est
1192 1066 1269 1104 hec
1311 1067 1518 1104 sententia
1560 1067 1598 1104 in
1633 1066 1800 1116 scriptis
1833 1066 2048 1118 Anagnie,

206 1139 246 1176 in
279 1136 428 1186 palatio
455 1136 602 1174 domini
636 1146 757 1186 pape,
782 1135 1047 1185 presentibus
1081 1135 1242 1172 vocatis
1266 1138 1307 1172 et
1341 1135 1502 1186 rogatis
1534 1134 1710 1173 testibus
1744 1131 1847 1172 infra
1870 1134 2049 1186 scriptis,

207 1204 400 1243 videlicet
433 1204 635 1256 magistro
667 1203 841 1241 Nicolao
876 1202 928 1241 de
962 1199 1174 1252 Castosd]
1210 1206 1251 1240 et
1284 1203 1455 1254 Ioanne,
1489 1203 1689 1240 canonico
1723 1201 1977 1254 Hamelensi,
2010 1204 2052 1240 et

208 1273 348 1324 Petro,
382 1273 538 1310 notario
581 1271 632 1310 de
665 1271 852 1321 lolliano,
892 1274 933 1309 et
965 1268 1164 1310 Crabielo
1205 1271 1381 1319 notario,
1425 1274 1461 1308 et
1507 1271 1710 1323 magistro
1751 1269 1966 1308 Bernardo
1999 1269 2050 1308 de

209 1340 458 1392 ...εἰει-ἰοῦ,
491 1344 532 1378 et
558 1339 740 1390 pluribus
774 1339 878 1377 aliis.
921 1339 1044 1377 Anno
1079 1339 1225 1376 domini
1265 1337 1512 1378 MCCLVI.
1553 1338 1619 1377 die
1663 1342 1785 1376 sexto
1820 1336 1910 1377 Cal.
1944 1337 2044 1376 Iulii.

207 1408 435 1447 Indictione
476 1408 634 1446 decima
678 1411 839 1458 quarta.
904 1405 1171 1445 Pontiticatus
1212 1406 1359 1444 domini
1402 1417 1510 1456 pape
1550 1406 1784 1444 Alexandri
1826 1405 1902 1444 IV.
1944 1416 2050 1444 anno

209 1476 405 1515 secundo.
468 1477 523 1515 Et
566 1487 652 1529 ego
694 1476 891 1527 loannes,
934 1474 1136 1526 quondam
1171 1475 1314 1513 Manui
1350 1474 1401 1512 de
1436 1473 1590 1514 Castro
1624 1474 1780 1525 Plebis,
1823 1473 2052 1523 apostolice

209 1544 321 1583 sedis
354 1545 599 1583 auctoritate
625 1544 824 1596 notarius,
859 1544 1187 1594 pronunciationi
1216 1543 1401 1592 predicte
1436 1543 1645 1581 sententie
1678 1540 1856 1593 interfui,
1890 1545 1931 1580 et
1963 1552 2052 1580 eam

209 1612 259 1651 de
307 1613 496 1652 mandato
535 1616 575 1651 et
617 1614 863 1650 auctoritate
912 1613 1007 1651 dicti
1049 1612 1196 1650 domini
1239 1610 1457 1662 Guillelmi,
1499 1610 1798 1649 Foroiuliensis
1841 1609 2052 1662 prepositi,

211 1681 373 1735 scripsi,
407 1686 449 1720 et
480 1682 521 1719 in
555 1681 758 1731 publicam
790 1679 957 1719 formam
990 1680 1159 1733 redegi,
1194 1684 1235 1718 et
1268 1682 1330 1717 sui
1365 1679 1493 1732 sigilli
1528 1679 1743 1716 munimine
1776 1677 1987 1717 roboraui.

514 1779 805 1821 Apograplium
829 1780 860 1810 in
883 1778 998 1810 codice
1022 1777 1326 1809 Tisfiowicensi
1351 1779 1381 1808 in
1406 1776 1549 1808 Museo
1572 1776 1796 1808 Moravico.

991 1942 1278 1985 CCXXXIV.

215 2044 438 2095 otakarus9
457 2046 648 2085 dominus
665 2047 787 2097 requi
803 2047 1006 2085 Boemiae
1030 2048 1068 2084 et
1081 2045 1270 2084 marchio
1288 2046 1522 2094 ,norm-iae,
1544 2044 1833 2095 possessiones
1851 2041 2053 2080 ecclesiae

246 2112 534 2153 olomucensis
568 2115 796 2167 confirmat,
818 2116 1005 2167 jieraquc
1037 2117 1076 2152 el
1105 2113 1310 2153 libertates
1343 2115 1476 2162 anqet,
1542 2114 1611 2151 Dt.
1646 2111 1847 2163 Opta-iae,
1880 2109 2026 2149 XVII.

812 2182 1034 2223 Kalendas
1066 2183 1259 2233 ,inqu-sti,
1300 2181 1448 2220 1256.

345 2272 416 2333 C.
449 2293 495 2331 In
528 2294 688 2333 nomine
721 2298 869 2332 sancte
903 2298 944 2332 et
977 2292 1184 2332 indiuidue
1217 2292 1423 2331 trinitatis.
1474 2291 1572 2345 Ego
1606 2290 1784 2329 Premizl
1817 2289 1883 2327 dei
1915 2287 2056 2341 gratia

219 2369 295 2396 rex
327 2359 598 2398 Bohemorum
637 2362 805 2400 tercius.
861 2361 1105 2400 Venerabili
1140 2361 1335 2411 episcopo
1370 2359 1637 2399 olomucensi
1668 2356 1852 2398 Roberto
1885 2357 2056 2406 eiusque

221 2428 536 2466 successoribus
570 2434 611 2467 et
650 2429 912 2468 olomucensi
954 2430 1137 2468 ecclesie
1171 2430 1209 2466 in
1250 2432 1505 2478 perpetuum.
1559 2425 1660 2466 Cum
1701 2426 1825 2478 regie
1865 2422 2054 2477 dignitati

221 2493 342 2531 cedat
374 2494 426 2533 ad
453 2495 642 2549 gloriam,
676 2498 874 2547 quociens
907 2502 1091 2536 sanctam
1117 2500 1344 2536 ueneratur
1377 2500 1418 2534 et
1445 2495 1634 2534 sublimat
1656 2494 1892 2545 ecclesiam,
1918 2495 2056 2531 nostre

223 2559 371 2608 placuit
416 2563 628 2601 serenitati
683 2565 772 2603 eius
822 2565 1043 2615 prouidere
1089 2565 1354 2615 necessitati,
1402 2565 1455 2602 ita
1504 2566 1547 2602 ut
1593 2566 1734 2601 nostre
1783 2559 2056 2613 benignitatis
