2155 2928
944 205 1000 244 11

885 345 1051 385 XXIX.

46 428 295 469 Bohuslaus
327 428 379 468 de
408 427 574 468 Bukow
602 428 810 481 fratribus
841 431 1014 469 militiae
1044 430 1184 482 templi
1214 429 1266 469 de
1288 428 1505 471 Gamolice
1542 431 1707 484 confert
1736 435 1899 475 curiam

391 497 436 536 in
470 497 578 549 Ols‘j.
641 497 714 536 De.
746 498 790 537 in
821 498 1016 550 Kozlow‚
1048 510 1189 537 mense
1220 498 1368 549 Junio,
1407 498 1559 538 1242.

217 579 278 640 In
310 599 472 638 nomine
504 598 653 638 domini
685 610 818 638 amen.
880 601 981 654 Ego
1021 600 1261 640 Bohuzlaus
1301 601 1354 640 de
1387 601 1537 641 Bukov
1570 603 1755 641 omnibus
1787 603 1898 643 hanc

45 666 222 706 litteram
261 667 433 706 lecturis
473 666 525 706 ad
565 667 627 705 rei
660 668 893 706 memoriam
934 669 1236 719 sempiternam.
1301 668 1502 717 Quoniam
1541 669 1667 708 nichil
1705 671 1791 710 uita
1830 672 1898 711 in-

46 735 202 774 certius
230 735 439 786 nichilque
468 735 700 774 mutabilius
733 737 888 774 existit.
921 746 1040 786 quam
1065 738 1258 776 memoria
1283 740 1555 788 posterorum.
1580 737 1737 778 idcirco
1761 739 1898 779 adhuc

45 804 193 842 mentis
215 807 256 842 et
275 814 412 842 rerum
429 814 608 842 mearum
628 806 775 853 potens
800 803 908 842 hanc
928 803 1227 843 ordinationem
1250 806 1457 856 scripture
1475 805 1674 845 mandare
1694 807 1897 847 ordinaui.

45 871 194 910 Notum
236 872 290 910 sit
321 872 452 925 igitur
490 874 570 909 tam
612 871 877 920 presentibus
918 882 1036 921 quam
1074 870 1234 911 futuris.
1274 873 1381 924 quod
1425 885 1511 927 ego
1551 874 1804 914 Bolcuzlaus
1844 876 1896 915 de

44 937 198 977 Bultov
226 939 278 978 de
301 949 512 977 consensu
537 939 682 976 uxoris
707 949 798 977 mee
821 939 1042 978 Miloslaue
1063 942 1216 979 curiam
1238 952 1365 979 meam
1389 942 1429 980 in
1449 942 1578 981 olsze
1600 954 1690 981 cum
1709 944 1895 984 omnibus

45 1007 272 1045 attinentiis
315 1007 498 1045 eiusdem
539 1006 690 1044 contuli
732 1007 878 1045 intuitu
918 1008 1143 1047 amicabilis
1176 1010 1348 1047 seruitii.
1389 1021 1468 1060 quo
1505 1010 1642 1062 frater
1686 1010 1807 1051 Cuno
1845 1012 1898 1051 de

45 1073 167 1113 domo
198 1074 342 1112 militie
366 1075 505 1126 templi
530 1086 660 1112 meam
687 1075 815 1113 uilam
847 1075 890 1113 ἱη
919 1077 1110 1128 conflicta
1135 1076 1313 1127 quodam
1339 1089 1432 1116 cum
1457 1077 1667 1116 atrocibus
1702 1080 1896 1119 Tartar-is

41 1141 209 1193 fortiter
248 1141 447 1180 tuebatur.
492 1141 698 1194 frutribus
738 1143 828 1180 suis
874 1143 919 1181 in
963 1143 1169 1182 Jemolz‘ce
1216 1145 1257 1182 in
1305 1149 1543 1195 perpetuum
1584 1157 1702 1185 euum
1742 1148 1897 1188 contuli

48 1210 356 1260 possidendam.
418 1210 474 1249 Et
512 1221 565 1248 ne
616 1221 744 1260 super
791 1209 871 1249 hac
917 1210 1140 1250 donatione
1182 1212 1289 1262 apud
1337 1216 1530 1263 posteros
1577 1215 1709 1264 possit
1756 1216 1897 1267 aliqua

46 1278 277 1328 calumpnia
296 1278 487 1316 suboriri.
515 1282 751 1328 presentem
769 1279 966 1331 paginam
990 1280 1133 1333 sigillo
1154 1292 1243 1319 meo
1269 1281 1463 1320 roboraui
1489 1282 1692 1322 adiunctis
1718 1284 1895 1323 nichilo-

43 1347 178 1385 minus
218 1347 322 1384 uiris
356 1344 435 1385 tide
475 1346 617 1399 dignis
658 1347 698 1384 in
737 1347 928 1385 maiorem
972 1349 1032 1385 rei
1073 1352 1201 1401 geste
1241 1347 1480 1388 firmitatem.
1523 1361 1692 1401 quorum
1733 1352 1896 1392 nomina

44 1417 152 1452 sunt.
219 1414 422 1452 woitech
460 1415 696 1465 prepositus
737 1414 788 1453 de
828 1414 1089 1454 Dubraunik.
1129 1414 1260 1467 frater
1300 1416 1521 1457 Cunradus
1565 1419 1704 1457 militie
1746 1420 1895 1470 templi.

48 1482 198 1520 Frater
230 1482 362 1520 Rolco
403 1482 608 1521 sacerdos
649 1482 700 1521 de
733 1482 929 1522 Strazka.
974 1484 1165 1522 Joannes
1206 1484 1408 1534 plebanus
1448 1486 1489 1523 in
1521 1486 1744 1526 Bisterice.
1792 1487 1895 1527 Ste-

45 1550 206 1601 phanus
240 1549 291 1588 de
314 1550 502 1589 Medlov.
535 1551 800 1589 Hermannus
834 1550 886 1589 de
914 1551 1120 1590 Kozelov.
1154 1552 1299 1592 Gallus
1333 1551 1436 1592 filius
1461 1553 1680 1604 Stephani.
1712 1555 1895 1594 Woiteh

44 1618 97 1657 de
130 1618 303 1670 Vgezd.
344 1622 385 1657 et
417 1618 484 1656 alii
525 1629 645 1668 quam
686 1618 840 1668 plui-es.
905 1619 1056 1658 Datum
1088 1620 1129 1658 in
1170 1620 1322 1660 Bukov
1354 1633 1463 1660 anno
1502 1625 1645 1675 gratie
1684 1623 1894 1663 millesimo

44 1684 133 1726 CC.
167 1685 305 1726 XLII.
338 1697 481 1725 mense
513 1686 653 1725 Junio.
686 1686 916 1725 Indictione
950 1688 1091 1736 prima.

349 1767 403 1798 Ex
427 1767 622 1808 originali
646 1769 677 1798 in
700 1770 791 1799 curia
813 1769 1031 1801 Brunensi.

895 1890 1039 1930 XXX.

188 1959 467 2031 Fridcricus7
501 1977 586 2016 dux
618 1978 832 2031 Austriae7
866 1977 1029 2018 confert
1054 1976 1252 2019 Conrado
1285 1979 1337 2020 de
1370 1981 1579 2035 Himberg
1610 1980 1784 2021 officium
1816 1992 1894 2021 ca-

42 2047 207 2085 merarii
241 2058 329 2085 cum
355 2051 560 2096 proventu
593 2058 648 2085 ex
674 2047 906 2085 Viennensi
940 2051 1115 2099 moneta⁷
1150 2051 1192 2086 et
1215 2059 1304 2087 cum
1329 2048 1551 2089 advocatia
1582 2051 1624 2089 in
1648 2049 1892 2090 Dornbach.

42 2114 111 2154 Dt.
144 2115 184 2153 in
218 2116 371 2153 castris
406 2114 514 2164 apud
548 2113 720 2153 Klobulc
751 2114 804 2153 ad
836 2115 1007 2169 Vagum
1040 2114 1216 2156 fluvium.
1256 2117 1406 2156 1242.

348 2195 519 2226 Wiener
541 2194 802 2227 Jahrbiicher
825 2195 884 2227 der
907 2196 1081 2228 Literatur.

886 2318 1052 2358 XXXI.

185 2385 464 2460 Fridericus,
498 2405 583 2445 dux
612 2405 827 2461 Austriae,
859 2408 1110 2447 monasterio
1136 2407 1389 2447 Medlicensi
1422 2411 1578 2460 partem
1604 2409 1740 2448 silvae
1774 2409 1892 2461 juxta

40 2476 223 2512 castrum
246 2472 406 2514 Schala
430 2474 568 2514 tradIt.
615 2475 711 2514 Act.
736 2475 845 2526 apud
870 2476 1102 2531 Neuburg3
1136 2476 1190 2516 dt.
1216 2477 1260 2516 in
1288 2478 1440 2516 castris
1464 2477 1580 2529 apud
1612 2477 1890 2530 Plcilce‘ndorf.

47 2540 196 2580 1242.

347 2609 490 2641 Huber
512 2629 555 2634 —
577 2610 746 2643 Austria
771 2620 811 2642 ex
834 2611 978 2643 archivis
1003 2622 1034 2654 p.
1059 2611 1121 2644 22.

1610 2667 1684 2706 22⁴*
