2155 2928
1080 183 1282 243 218—

209 335 312 387 tulit,
344 338 386 373 et
416 333 587 372 alteram
621 331 752 383 vulgo
787 329 933 367 dictam
966 324 1182 365 Jledweze
1213 334 1289 373 per
1320 325 1506 373 patruum
1546 321 1675 371 patris
1715 321 1846 360 nostri
1886 320 2050 361 Wladi-

210 403 364 452 zlaum,
400 402 465 452 pie
498 399 689 438 memorie
722 396 997 436 marchionem
1029 392 1240 443 Mon-anie,
1266 395 1438 440 emptam
1471 392 1512 428 et
1544 389 1733 428 collatam
1759 392 1800 428 et
1832 388 1923 427 illas
1949 400 2051 440 quas

219 469 459 509 Waltlzerus
493 468 678 506 decanus
712 469 752 503 01
784 462 1024 513 Stephanus
1058 460 1294 510 prepositus
1327 457 1590 496 contulerunt
1621 457 1673 496 de
1712 457 1881 496 licentia
1920 459 2052 508 patrui

213 539 344 588 patris
377 537 506 575 nostri
538 534 732 573 uidelicet
766 531 906 570 [Aulin.
929 527 1162 578 Neredeyn,
1189 524 1418 566 Gozchich.
1451 524 1800 576 lezloclzowiclz,
1826 528 1868 564 et
1892 524 2054 566 domine

211 604 516 644 marchionissa
562 607 648 640 tres
696 605 831 639 terras
871 597 910 635 in
955 593 1171 636 Cladorub
1213 597 1261 633 et
1301 605 1425 632 vnam
1470 594 1510 632 in
1550 593 1849 644 &uciche-sich,
1899 597 1942 632 et
1979 603 2052 634 eas

213 684 354 712 omnes
394 683 498 722 quas
538 669 615 708 sub
654 666 904 717 temporibus
945 663 1186 702 wladimiri
1225 663 1447 715 principis,
1480 673 1557 701 seu
1591 662 1724 712 patrui
1764 662 1894 712 patris
1926 663 2054 703 nostri

214 740 401 792 possedit
434 738 616 777 ecclesia
648 736 688 773 in
720 732 876 773 [As-sels
915 733 954 770 in
987 730 1264 770 Nelessouiclz
1297 735 1338 770 et
1370 731 1411 769 in
1446 729 1739 771 Celebhowiclz
1770 730 1848 768 sub
1889 730 2054 780 episco-

216 813 336 859 patus
370 808 459 846 iure
491 806 656 855 antiquo
690 802 844 840 liberas
877 811 976 838 esse
1009 800 1223 838 statuimus
1256 802 1299 837 et
1333 799 1553 850 inquietari
1588 797 1868 852 prohibemus,
1902 798 2057 838 saluum

215 877 279 915 ius
320 876 359 913 in
402 873 585 911 omnibus
627 869 808 908 ecclesie
849 868 1135 907 Olomucensis
1182 868 1385 907 libertatis
1432 867 1737 919 relinquentes,
1777 870 1819 905 et
1858 867 1966 906 sicut
2004 866 2056 906 ab

215 941 554 982 antecessoribus
594 939 747 977 nostris
788 936 1097 989 priuilegiatam
1137 947 1186 975 86
1228 935 1392 989 gaudet
1431 934 1719 975 olomucensis
1759 935 1963 990 ecclesia,
2001 936 2057 975 ita

214 1021 291 1060 per
322 1013 464 1047 nostre
497 1007 616 1045 huius
650 1005 883 1044 donationis
923 1005 1123 1057 gratiam,
1162 1002 1404 1058 magnificet
1442 1014 1491 1042 se
1524 1014 1623 1043 esse
1663 1003 1835 1042 liberam
1874 1006 1917 1042 et
1955 1004 2058 1043 0111111

213 1079 315 1130 iugo
348 1078 513 1114 vetuste
547 1075 785 1124 inquietatis
820 1073 983 1123 penitus
1024 1077 1204 1111 exutam.
1266 1072 1504 1111 Inhibemus
1544 1072 1664 1110 etiam
1705 1083 1729 1110 a
1769 1071 2058 1111 canonicorum

212 1144 410 1196 plaustris
444 1144 482 1181 in
515 1142 708 1181 theloniis
741 1153 831 1180 cum
862 1141 959 1180 uina
992 1152 1068 1179 sua
1101 1141 1169 1179 uel
1201 1140 1342 1192 salem,
1383 1143 1578 1194 segetem
1620 1139 1687 1178 uel
1727 1139 1944 1192 humulum,
1983 1149 2059 1180 seu

214 1213 293 1252 alia
337 1211 518 1262 quelibet
557 1210 765 1249 deducunt
805 1210 898 1248 81116
941 1209 1088 1260 quibus
1129 1209 1362 1248 subsistere
1403 1220 1484 1247 11011
1528 1212 1722 1260 possunt,
1769 1218 1822 1246 ne
1864 1208 1917 1246 ab
1958 1209 2059 1259 ipsis

216 1280 436 1319 thelonium
471 1280 686 1332 exigatur,
725 1277 793 1316 uel
826 1277 963 1328 aliqua
1006 1277 1205 1316 violentia
1244 1275 1447 1315 inseratur
1486 1277 1549 1314 eis
1589 1276 1772 1315 indebite
1813 1276 2059 1330 exactionis,

218 1348 464 1390 Statuentes
497 1347 605 1386 hanc
639 1357 786 1397 penam
826 1350 868 1385 ut
908 1347 1141 1396 quicunque
1180 1345 1359 1384 mandati
1399 1345 1529 1384 nostri
1568 1347 1759 1383 statutum
1799 1344 2059 1399 violauerint,

216 1421 257 1455 et
288 1427 370 1454 non
402 1416 535 1454 statim
567 1413 855 1453 satisfacerint
887 1424 1014 1464 super
1047 1414 1158 1452 illato
1192 1413 1455 1467 grauamine,
1481 1416 1634 1452 extunc
1660 1412 1880 1451 vindictam
1913 1413 1955 1452 in
1986 1423 2062 1453 eos

215 1484 392 1523 debitam
426 1487 630 1522 exerceat
663 1483 866 1535 ecclesia,
910 1486 951 1521 et
991 1483 1180 1521 carceris
1220 1482 1349 1520 nostri
1391 1486 1654 1520 macerentur
1693 1481 1822 1534 graui
1862 1480 2060 1520 custodia.

214 1552 489 1592 Decreuinius
523 1553 644 1590 etiam
678 1551 757 1590 hoc
798 1551 1015 1590 obseruari
1057 1550 1281 1589 secundum
1321 1551 1411 1588 iura
1454 1560 1677 1602 canonum,
1716 1553 1759 1588 ut
1800 1549 1944 1588 clerici
1982 1559 2060 1588 non

215 1620 434 1659 trahantur
468 1622 505 1658 in
540 1620 729 1659 iudicium
763 1620 970 1671 seculare,
997 1629 1076 1657 nec
1110 1618 1342 1657 iudicentur
1374 1628 1450 1668 per
1482 1617 1700 1657 seculares
1734 1627 1956 1670 personas,
1987 1616 2062 1656 sed

217 1689 397 1727 ecclesia
445 1689 561 1727 cuius
609 1689 786 1727 interest
834 1687 1029 1726 discutiat
1068 1687 1313 1725 clericorum
1352 1686 1504 1725 iudicia
1545 1690 1585 1724 et
1625 1696 1764 1724 eorum
1805 1686 1873 1737 qui
1919 1681 2062 1725 contra

217 1758 329 1807 ipsos
377 1757 607 1807 procedunt
653 1758 691 1795 in
733 1756 1012 1807 qualicunque
1060 1755 1334 1808 querimonia,
1383 1754 1613 1793 adicientes
1659 1753 1752 1792 hoc.
1798 1757 1841 1793 ut
1889 1751 2063 1792 benefici

217 1826 347 1863 nostri
379 1825 502 1863 nichil
534 1825 717 1864 habeant
750 1825 935 1863 iudicare
969 1824 1020 1862 de
1049 1824 1224 1862 diuortio
1257 1823 1325 1862 uel
1359 1823 1411 1862 de
1444 1823 1696 1861 matrimonio
1724 1822 1934 1861 discutere
1961 1823 2066 1860 inter

218 1893 346 1930 virum
388 1897 430 1931 et
470 1893 699 1945 mulierem,
742 1904 832 1931 cum
871 1902 990 1930 omne
1031 1892 1115 1930 tale
1156 1892 1345 1931 iudicium
1395 1891 1471 1930 soli
1512 1892 1566 1929 811
1605 1890 1790 1929 ecclesie
1829 1890 2066 1941 specialiter

218 1962 461 1999 auctoritate
510 1961 738 2012 apostolica
780 1972 1048 2012 concessum,
1094 1959 1322 1998 huiusmodi
1365 1960 1471 1998 enim
1513 1958 1664 1997 iudicia
1704 1958 1944 1997 venditione
1985 1969 2065 1997 non

220 2028 432 2080 indigent,
472 2029 547 2066 sed
583 2029 806 2079 penitentia
841 2032 883 2067 et
915 2028 1088 2078 spiritali
1121 2029 1299 2067 iusticia.
1355 2027 1414 2066 Vt
1446 2028 1579 2066 omnia
1611 2031 1743 2067 autem
1777 2027 1894 2065 matri
1927 2029 2066 2065 nostre

219 2101 364 2134 sancte
398 2096 660 2135 Olomucensi
695 2097 878 2135 ecclesie
919 2098 1132 2146 cupiamus
1173 2106 1400 2149 prospera,
1440 2108 1464 2135 a
1506 2095 1584 2134 deo
1623 2095 1906 2134 retributionis
1945 2094 2067 2133 beate

223 2164 403 2214 gratiam
438 2165 716 2213 prestolantes
749 2164 978 2203 thabernas
1012 2165 1318 2215 canonicorum,
1345 2175 1425 2215 que
1445 2163 1626 2214 primitus
1654 2163 1974 2213 inpediebantur
1995 2171 2068 2212 per

223 2237 393 2269 nostros
440 2231 650 2271 beneficos
698 2233 1005 2271 thabernarium
1046 2232 1381 2285 olomucensem,
1429 2243 1505 2272 seu
1545 2243 1621 2282 per
1663 2231 1840 2270 villicum
1889 2234 2067 2270 nostrum

225 2297 380 2336 liberas
414 2310 511 2337 esse
545 2301 806 2353 111-6019110118,
840 2304 882 2339 61
924 2311 976 2339 116
1017 2301 1188 2352 amplius
1229 2303 1465 2354 grauentur
1504 2299 1749 2352 inhibemus,
1789 2299 1829 2337 111
1864 2297 2070 2346 Cirloriye
2133 2303 2135 2308 ’

225 2371 266 2404 61
298 2367 338 2404 111
374 2367 538 2418 Rallmy
571 2373 611 2407 et
644 2370 682 2408 in
716 2369 942 2420 Montibus,
977 2373 1018 2408 et
1050 2380 1131 2420 que
1164 2370 1203 2407 111
1238 2369 1370 2407 dotem
1404 2371 1500 2406 sunt
1532 2367 1725 2406 ecclesiis
1766 2367 1989 2419 assignate
2030 2367 2070 2403 61

226 2433 450 2473 utilitatem.
514 2435 620 2482 Quia
661 2448 761 2476 uero
811 2437 862 2475 de
904 2438 999 2477 villa
1042 2437 1150 2476 dicta
1183 2435 1443 2476 Bruma-ich
1484 2436 1627 2487 sepius
1668 2435 1930 2487 inpetebatur
1969 2431 2070 2483 Epi-

226 2512 378 2549 scopus
430 2506 470 2539 et
518 2504 698 2542 ecclesia
743 2505 1032 2543 olomucensis
1074 2509 1115 2544 et
1153 2509 1232 2544 tam
1275 2515 1351 2555 per
1391 2505 1601 2554 principes
1643 2515 1760 2554 quam
1798 2513 1875 2553 per
1912 2501 2068 2541 nobiles

227 2567 520 2607 molestabatur
553 2572 795 2626 principum,
830 2584 882 2611 ne
917 2573 1118 2624 deinceps
1152 2573 1430 2623 calumpniose
1471 2572 1712 2612 molestetur
1743 2570 1811 2610 uel
1842 2568 2070 2621 infestetur,
