2155 2928
898 179 966 220 47

873 371 989 411 LXI.

23 484 300 536 Maryareffia
336 483 388 524 de
422 483 603 534 Myslice
629 483 708 535 jus
744 484 988 534 patronatus
1026 481 1227 520 ecclesiae
1264 480 1309 518 in
1340 479 1522 529 Mys-lice
1560 491 1653 517 cam
1686 477 1856 518 decimis

434 551 686 591 monasterio
719 549 1009 590 Oslowanensz·
1040 549 1213 601 confert.
1282 547 1434 587 1244.

191 644 250 704 In
284 663 444 701 nomine
477 664 624 700 sancte
655 661 848 699 trinitatis
887 670 1018 698 amen.
1079 659 1227 697 Notum
1260 657 1314 697 sit
1346 657 1531 696 omnibus
1563 660 1644 695 tam
1679 667 1858 706 presen-

25 730 135 771 tibus
167 741 285 781 quam
317 728 476 768 futuris.
509 733 745 780 presentem
778 729 975 782 paginam
1007 727 1270 777 inspecturis.
1329 724 1448 773 Quod
1481 736 1569 778 ego
1601 724 1860 777 margareta

22 809 114 837 cum
153 796 231 836 filio
271 809 358 837 meo
400 797 602 836 Hartlebo
640 808 723 836 una
762 807 850 835 cum
897 796 1037 846 pueris
1082 795 1169 833 suis
1208 796 1271 833 ius
1312 797 1554 844 patronatus
1594 793 1778 831 ecclesie
1818 793 1860 831 in

21 866 258 917 Myrzlaus.
307 876 396 904 cum
439 865 607 903 decimis
653 868 695 903 et
733 864 917 903 omnibus
966 863 1225 902 adtinenciis.
1271 865 1313 900 et
1351 873 1441 900 cum
1479 861 1648 900 decimis
1689 860 1860 899 duarum

21 934 208 972 uillarum
241 933 281 971 in
321 933 535 984 H'olfiqers
567 936 609 971 et
639 933 679 970 in
712 931 897 970 Podoliz
938 943 1026 970 cum
1060 936 1234 981 quatuor
1265 930 1400 968 laneis
1432 929 1648 967 abbatisse
1681 933 1723 967 et
1755 939 1858 966 con-

20 1001 160 1040 uentui
202 1000 440 1040 Ozlawensz·
477 1011 550 1051 pro
592 999 771 1038 remedio
812 1000 1032 1038 animarum
1073 1002 1306 1037 nostrarum
1346 1001 1388 1036 et
1428 998 1598 1035 omnium
1646 1002 1860 1047 parentum

21 1073 252 1109 nostrorum
286 1073 485 1119 perpetuo
525 1069 613 1107 iure
645 1068 900 1106 contulimus.
961 1068 1016 1107 Et
1054 1077 1107 1105 ne
1147 1066 1283 1116 aliqua
1324 1066 1537 1104 temeritas
1569 1075 1861 1103 successorum

21 1140 252 1176 nostrorum
285 1136 394 1174 hanc
435 1135 692 1174 donationem
726 1138 869 1185 posset
910 1138 1142 1173 retractare
1175 1133 1316 1187 sigillo
1358 1136 1500 1172 nostro
1542 1136 1583 1171 et
1621 1135 1861 1185 magnatum

23 1205 91 1256 qui
123 1207 344 1255 presentes
376 1201 540 1242 fuerunt
570 1203 768 1242 noluimus
801 1203 1048 1242 communiri.
1110 1203 1245 1241 Huius
1278 1202 1339 1240 rei
1370 1204 1503 1240 testes
1536 1204 1642 1239 sunt.
1683 1199 1861 1238 Ratibo-

22 1273 109 1312 rius
141 1272 194 1311 de
218 1271 399 1310 Dobilin.
431 1272 556 1310 tho.
589 1270 768 1311 Sifridus
792 1271 1016 1321 orphanus.
1048 1270 1312 1309 Heimannus
1346 1267 1530 1308 orfanus.
1565 1267 1861 1307 XVillehalmus

23 1340 236 1391 pincerna.
267 1339 509 1390 Luppoldus
541 1339 752 1389 pincerna.
786 1339 1049 1378 XVichardus
1083 1338 1134 1377 de
1174 1337 1415 1388 Thyrnach.
1446 1337 1592 1386 Lupus
1633 1335 1684 1374 de
1716 1335 1861 1374 Nash-

23 1408 164 1448 mei-iz.
195 1407 408 1458 Lupoldus
446 1407 627 1446 Poschil.
659 1407 899 1458 Stephanus
939 1407 1159 1460 Vngarus.
1199 1406 1387 1459 XVstego
1427 1404 1479 1443 de
1511 1404 1730 1443 Mirzlaus.
1771 1401 1860 1441 Oo-

23 1474 195 1515 chanus.
227 1475 332 1514 Leo.
365 1474 574 1514 Volricus.
599 1473 778 1515 Sisi-idus
803 1474 856 1514 de
878 1474 1087 1514 Mai-chia.
1112 1474 1359 1528 Gerungus.
1384 1476 1425 1513 et
1456 1472 1526 1512 alii
1558 1483 1676 1524 quam
1707 1471 1860 1522 plures.

22 1542 175 1583 Datum
207 1554 315 1582 anno
346 1541 408 1582 M.
441 1540 530 1583 CC.
562 1542 743 1582 XLIIII.

328 1647 383 1680 Ex
406 1648 595 1690 originali
616 1649 648 1680 in
670 1649 760 1680 curia
780 1648 986 1680 Brunensi.

875 1812 1013 1852 LXII.

167 1905 333 1965 Bruno
365 1923 449 1963 Dei
480 1923 623 1977 gratia
654 1923 931 1975 praepositus,
969 1922 1155 1962 Alardus
1188 1922 1372 1962 decanus
1411 1925 1618 1973 totumque
1649 1921 1861 1961 Hambur-

25 2002 164 2044 gense
206 1991 423 2042 capitulum
462 1991 515 2030 de
554 1991 711 2030 decima
757 1996 956 2041 percepta
995 1990 1047 2029 de
1095 1994 1209 2029 terra
1251 1990 1531 2043 oldenburch,
1574 2001 1692 2040 quam
1731 1988 1863 2028 srater

24 2059 241 2109 Adolplius
274 2061 433 2108 (comes
466 2059 517 2097 de
544 2058 840 2109 Schaumbm-‚q
873 2081 929 2086 —
959 2059 1094 2110 [ναῖεν
1122 2059 1341 2097 Brunom's
1373 2057 1618 2109 supradicti,
1642 2069 1746 2096 mooe
1766 2058 1861 2109 ιῘαηι

24 2127 209 2178 episcopi
235 2127 548 2176 Olomucensisj
570 2126 883 2179 Hamburgensi
917 2126 1125 2165 ecclesiae
1159 2127 1411 2179 assignavit,
1445 2126 1496 2164 de
1520 2127 1673 2166 erectis
1706 2125 1861 2164 exinde

24 2195 276 2244 praebendis
301 2198 342 2233 et
369 2194 420 2232 de
445 2194 779 2244 praesentatione
805 2193 857 2232 ad
883 2205 1023 2232 earum
1047 2206 1166 2232 unam
1192 2205 1267 2244 per
1290 2194 1472 2233 heredes
1498 2195 1656 2232 comitis
1682 2193 1861 2244 Adolphi

23 2263 295 2301 testimonium
327 2261 558 2313 perhibent.
620 2262 770 2301 Actum
801 2262 843 2300 in
874 2262 1113 2301 Hamborch
1145 2273 1253 2302 anno
1287 2262 1456 2316 gratiae
1489 2259 1758 2302 MCCXLV.

329 2367 455 2410 Lunig
477 2386 519 2391 —
541 2367 845 2400 Reichsarchiv
870 2368 963 2400 XVI.
986 2367 1023 2400 3.
1046 2368 1147 2400 Abth.
1174 2367 1262 2401 113.
