2155 2928
1055 165 1162 205 410

963 219 1268 227 ——-,-—..—.—

1042 302 1119 345 CD
1126 304 1179 343 V.

195 405 287 445 Otto
295 433 309 456 ,
352 404 455 443 civis
496 403 804 452 olomucensis,
843 399 1031 448 resiqnat
1067 398 1320 436 monasterio
1362 395 1617 438 Gradicensi
1654 397 1798 437 laneos
1839 397 1944 438 duos
1989 400 2034 439 in

889 466 1117 516 Topolany.
1188 464 1339 505 1267.

339 546 568 613 Deperire
608 564 745 611 potest
782 560 911 598 omnis
960 558 1134 596 humana
1175 558 1393 608 promissio
1433 569 1513 609 que
1561 556 1711 597 firmari
1751 570 1832 597 non
1873 559 2035 598 uidetur

194 632 345 670 robore
371 632 588 669 literarum.
623 629 772 666 Pateat
800 628 929 680 igitur
953 627 1163 664 vniuersis
1193 626 1457 675 presentibus
1485 636 1602 676 quam
1631 625 1776 665 suturis
1801 630 2036 677 presentem

194 700 369 737 notulam
416 697 663 747 inspecturis
703 694 809 745 quod
855 694 951 746 Ego
994 693 1086 732 Otto
1128 693 1287 732 humilis
1336 694 1439 731 ciuis
1491 693 1777 733 Olomucensis
1826 706 1910 733 vna
1949 706 2037 734 cum

194 765 284 805 filiis
316 767 416 804 meis
450 775 565 802 omne
610 765 671 802 ius
706 762 811 812 qnod
854 763 892 799 in
927 762 1047 799 bonis
1081 761 1248 800 duorum
1283 761 1493 800 laneorum
1534 762 1573 799 in
1610 761 1830 812 Thfopolan
1862 762 2037 801 videbar

193 834 352 872 habere
384 833 459 870 sub
493 831 724 869 testimonio
759 830 977 880 proborum
1012 830 1192 867 virorum
1233 830 1378 868 ciuium
1414 829 1741 868 Olomucensium
1776 831 1902 879 primo
1935 829 2037 870 Ste-

194 902 315 950 phani
349 904 444 938 tunc
477 899 680 936 aduocati.
715 897 865 936 deinde
898 897 1141 947 Heyczonis
1176 897 1227 935 de
1261 909 1368 935 noua
1402 896 1595 950 Ciuitate,
1637 897 1820 938 Conradi
1854 898 2038 937 Pertoldi

193 969 360 1008 Sdislai.
395 967 445 1005 ad
474 979 615 1004 manus
650 965 905 1004 venerabilis
933 965 1078 1003 domini
1113 966 1194 1003 Rv.
1228 965 1391 1004 abbatis
1426 964 1703 1005 Gradicensz’s
1736 969 1777 1005 et
1810 970 2038 1005 conuentus

192 1036 372 1074 totaliter
404 1034 635 1087 resignaui.
685 1032 826 1081 Quare
852 1033 956 1071 idem
989 1034 1244 1071 venerabilis
1279 1033 1462 1071 dominus
1489 1034 1570 1072 Rv.
1604 1033 1737 1072 abbas
1764 1032 2039 1074 Gradicensis

191 1103 465 1142 considerans
506 1112 568 1139 me
601 1101 678 1139 sibi
721 1105 762 1139 et
795 1101 978 1139 ecclesie
1020 1112 1095 1139 sue
1129 1101 1298 1151 plurima
1342 1102 1524 1139 seruicia
1559 1101 1801 1152 inpendisse
1841 1106 1882 1141 et
1915 1113 2039 1152 posse

191 1170 442 1221 impendere.
486 1170 645 1207 ratione
679 1168 878 1207 dictorum
922 1169 1118 1207 bonorum
1160 1170 1198 1207 in
1232 1169 1463 1218 'Pliopolam
1503 1181 1625 1208 vnum
1667 1170 1828 1209 laneum
1871 1171 1910 1208 in
1944 1170 2040 1210 uilla

192 1240 396 1277 nominata
430 1238 571 1288 repsin
606 1237 724 1275 michi
759 1237 930 1275 contulit
963 1238 1100 1287 quiete
1134 1248 1183 1275 ac
1218 1235 1391 1287 pacifice
1425 1241 1626 1287 perpetuo
1661 1237 1950 1288 possidendum
1985 1239 2040 1277 ita

191 1311 326 1345 tamen
366 1305 473 1356 quod
513 1306 548 1343 si
589 1303 654 1344 filii
696 1305 773 1343 mei
818 1308 908 1355 post
947 1306 1143 1343 terminos
1184 1306 1270 1344 vite
1311 1305 1361 1343 ad
1403 1306 1667 1344 seruiendum
1708 1305 1817 1344 dicte
1857 1305 2040 1345 ecclesie

191 1372 342 1413 suerint
374 1378 503 1412 minus
530 1374 612 1423 apti
646 1376 717 1413 aut
743 1374 921 1423 ipsorum
955 1374 1165 1411 seruitium
1199 1385 1279 1412 non
1314 1373 1529 1423 placuerit.
1564 1385 1643 1411 non
1678 1377 1829 1412 tantum
1863 1374 1940 1423 ipsi
1975 1370 2041 1412 filii

192 1442 267 1480 mei
302 1452 443 1480 verum
469 1443 588 1480 etiam
614 1441 680 1479 alii
709 1442 776 1491 qui
803 1441 897 1479 dicti
926 1441 1034 1479 lanei
1061 1453 1337 1491 possessores
1363 1442 1590 1490 extiterint,
1617 1453 1720 1493 sepe
1745 1442 1853 1480 dicto
1881 1442 2040 1481 domino

192 1509 275 1548 Rv.
310 1509 448 1548 abbati
483 1512 523 1547 et
556 1509 643 1547 suis
666 1509 988 1549 successoribus
1021 1513 1108 1550 tres
1141 1508 1327 1548 fertones
1360 1510 1530 1563 argenti
1564 1511 1603 1548 in
1638 1508 1745 1548 sesto
1780 1510 1901 1549 beate
1931 1510 2041 1549 Val-

191 1577 353 1630 purgis.
393 1577 561 1615 soluere
609 1580 831 1617 teneantur
878 1581 965 1615 tres
1005 1588 1106 1617 uero
1147 1581 1370 1628 presentas
1413 1588 1493 1628 que
1540 1577 1801 1617 visitationes
1840 1581 2042 1618 vocantur

191 1645 352 1683 scilicet
385 1646 423 1683 in
451 1645 666 1685 natiuitate
700 1645 847 1684 domini
875 1646 968 1683 1111.
1002 1645 1134 1694 pullos
1168 1646 1207 1684 in
1237 1646 1394 1696 pascha
1428 1645 1523 1684 XL.
1555 1656 1633 1683 oua
1669 1646 1707 1683 in
1731 1645 2041 1684 Penthecosten

192 1713 286 1751 1111.
320 1724 471 1751 caseos
499 1724 668 1763 quorum
703 1714 836 1763 quiuis
862 1713 957 1752 1111.
992 1713 1188 1754 denarios
1214 1714 1352 1752 valeat
1385 1713 1566 1766 singulis
1592 1714 1713 1751 annis
1748 1713 1928 1752 reddere
1962 1724 2041 1752 non

194 1780 403 1819 obmittant
444 1781 573 1820 saluis
616 1781 816 1820 collectis,
880 1780 926 1820 Si
971 1792 1073 1820 vero
1114 1792 1176 1819 me
1216 1785 1286 1821 aut
1328 1779 1430 1819 lilios
1470 1791 1584 1819 meos
1627 1782 1855 1820 nominatos
1895 1781 2039 1820 laneos

193 1848 379 1886 vendere
425 1850 653 1901 contigerit
695 1849 746 1887 de
780 1849 990 1887 voluntate
1034 1850 1161 1899 ipsius
1196 1849 1343 1887 domini
1387 1849 1437 1887 R.
1471 1849 1636 1887 abbatis
1671 1852 1712 1887 et.
1744 1860 1908 1887 suorum
1941 1859 2040 1887 suc-

193 1926 403 1954 cessorum
437 1917 587 1954 talibus
628 1920 817 1956 tenemur
850 1917 1038 1956 vendere
1079 1918 1143 1967 qui
1178 1917 1255 1955 sibi
1299 1917 1392 1955 boni
1426 1920 1496 1955 aut
1536 1916 1658 1955 vtiles
1691 1916 1925 1955 videantur.
1986 1916 2042 1955 Et

192 1987 235 2022 ut
273 1983 350 2022 hoc
391 1982 539 2024 factum
582 1989 821 2035 permaneat
872 1985 1065 2025 illibatum
1108 1988 1344 2034 presentem
1383 1985 1559 2022 litteram
1601 1984 1770 2023 duorum
1810 1985 2040 2037 sigillorum

192 2053 419 2090 munimine.
454 2064 541 2090 meo
572 2053 767 2091 videlicet
800 2064 849 2091 ac
884 2053 1066 2091 ecclesie
1092 2052 1378 2091 olomucensis
1404 2053 1610 2091 roboraui.
1654 2052 1787 2091 Huius
1816 2053 1876 2091 rei
1910 2055 2040 2091 testes

195 2123 290 2156 sunt
323 2119 389 2157 hii.
431 2120 581 2159 Frater
616 2120 744 2160 Budis
787 2124 882 2158 tunc
918 2121 1051 2172 Prior,
1094 2119 1316 2160 Cornelius
1350 2122 1515 2170 suprior
1551 2120 1751 2159 Matlieus
1790 2120 2040 2171 Florentius7

195 2185 394 2224 Vrbanus
428 2188 638 2238 lleyricus
673 2187 830 2230 Caluus
864 2189 1082 2239 Voyzlaus
1117 2193 1258 2226 custos
1299 2188 1534 2227 Anthonius
1568 2187 1753 2228 Micliael
1789 2187 2039 2226 Valerianus

196 2253 404 2302 lleyricus
445 2255 717 2294 Kamerarius
757 2255 1017 2294 sacerdotes.
1086 2257 1148 2294 De
1192 2256 1336 2294 ordine
1379 2267 1481 2294 vero
1522 2254 1690 2295 fratrum
1730 2255 2040 2295 Predicatorum

196 2317 324 2357 srater
365 2320 553 2361 Cliualko
593 2327 689 2361 tunc
730 2323 851 2363 Prior
892 2327 932 2362 et
971 2321 1101 2362 frater
1141 2323 1355 2363 Lucianus
1396 2323 1539 2362 lector.
1603 2322 1732 2363 Ciues
1773 2327 1906 2361 autem
1940 2322 2040 2362 Olo-

197 2397 427 2427 mueenses.
463 2392 587 2439 primo
614 2391 825 2441 Stepanns
860 2395 955 2429 tunc
986 2391 1216 2430 aduocatus
1250 2391 1399 2429 deinde
1426 2392 1601 2441 Heyczo
1635 2391 1686 2429 de
1721 2402 1827 2428 noua
1861 2389 2040 2430 Ciuitate

201 2451 418 2494 Conradus
451 2458 672 2496 Pei-toldus
705 2459 915 2498 Sdizlaus.
978 2460 1087 2498 Acta
1123 2463 1217 2498 sunt
1248 2458 1328 2498 hec
1362 2471 1469 2499 anno
1504 2458 1651 2497 domini
1686 2457 1993 2499 MCCLXVH.

503 2553 557 2585 Ex
581 2556 763 2596 originali
786 2566 858 2588 cum
882 2555 1006 2588 duobus
1029 2557 1146 2599 sigillis
1171 2557 1201 2587 in
1225 2557 1359 2587 archivo
1384 2555 1568 2598 ejusdem
1591 2556 1788 2587 monasterii.
