2155 2928
102 340 216 369 suam
246 328 464 378 corporale
497 327 746 377 prestitimus
779 326 1058 376 iuramentum,
1091 326 1133 362 et
1164 325 1394 361 nostrorum
1432 320 1663 373 sigillorum
1704 324 1934 357 nostrorum

101 395 272 436 fecimus
305 395 562 445 appensione
594 394 796 433 roborari.
858 393 1006 432 Actum
1038 392 1160 430 Anno
1193 389 1353 428 domini.
1394 388 1455 427 Μ.
1489 385 1578 428 CC.
1611 387 1661 426 L.
1693 387 1789 426 1111.
1827 386 1935 436 apud

103 463 273 516 Budam,
305 462 440 503 Sexta
472 460 577 501 feria
609 464 706 500 ante
739 460 976 499 dominicam
1008 459 1239 510 palmarum.

407 559 517 590 Kurz
540 577 581 581 -—
604 556 817 589 Oesterreich
839 559 933 588 unter
956 555 1080 588 Otakar
1103 558 1166 587 etc.
1189 572 1230 578 -—
1252 554 1389 595 Beilage
1417 553 1443 584 1.
1467 561 1496 584 a.
1525 561 1601 594 pag.
1627 550 1716 583 170.
1739 569 1782 575 -—
1805 560 1847 583 ex
1869 559 1936 581 au-

510 609 712 650 tographo
735 610 767 640 in
789 608 936 640 Archivo
960 606 1226 638 Trebonensi.

932 751 1106 794 CCVII.

102 839 368 878 Innocentius
397 851 509 890 papa
535 838 612 877 IV.
643 839 864 877 universos
897 837 1170 876 ecclesiarum
1190 835 1402 886 praelatos
1431 845 1507 885 per
1542 833 1786 883 Unyariamj
1818 833 1937 872 Bois·-

102 908 239 956 ηιὶαηι,
273 907 498 955 Ausa-iam,
532 905 720 955 styriam
751 908 791 943 et
818 905 1059 944 Mor-aviam
1091 904 1330 941 constitutos
1360 904 1506 951 monet,
1538 904 1584 939 ut
1613 902 1655 939 in
1685 913 1790 952 pace
1822 912 1938 939 com-

99 973 292 1026 ponenda
333 975 438 1012 inter
481 974 696 1023 Unqariae
739 975 777 1010 ec
818 972 1021 1010 Boiimz‘ae
1058 982 1179 1021 reyes
1226 981 1310 1008 una
1350 981 1443 1007 cum
1483 968 1609 1007 electo
1648 968 1938 1019 Neapolitano>

166 1041 422 1092 apostolicae
459 1040 571 1079 sedis
610 1040 759 1090 levato,
792 1038 988 1078 laborent.
1054 1039 1123 1077 Dt.
1155 1037 1374 1089 Laterani,
1413 1036 1492 1076 IV.
1524 1036 1670 1074 Nonas
1702 1035 1879 1087 Aprilis,

949 1105 1100 1144 1254.

273 1177 550 1237 Innocentius
583 1195 805 1246 episcopus
838 1205 988 1233 seruus
1021 1203 1235 1232 seruorum
1268 1191 1347 1230 dei.
1394 1190 1719 1230 Venerabilibus
1743 1188 1940 1229 fratribus

148 1293 157 1302 .
190 1264 517 1314 archiepiscopis
550 1266 592 1302 et
617 1262 825 1313 episcopis
859 1264 900 1300 et
923 1260 1083 1299 dilectis
1116 1258 1206 1298 filiis
1238 1259 1471 1312 abbatibus„
1500 1258 1719 1310 prioribus,
1753 1257 1940 1310 decanis⁷

106 1331 408 1370 archidiaconis
440 1334 481 1369 et
513 1331 604 1369 aliis
638 1330 910 1369 ecclesiarum
942 1328 1116 1378 prelatis
1149 1331 1190 1366 et
1221 1327 1411 1376 capitulis
1443 1337 1519 1377 per
1542 1325 1791 1378 Ungariam,
1824 1325 1941 1363 Boe-

104 1400 241 1449 miam,
283 1399 506 1451 Austriam,
539 1397 719 1448 Styriam
759 1401 801 1436 et
831 1397 1074 1436 Ailorauiam
1112 1395 1344 1434 constitutis
1386 1394 1559 1433 salutem
1602 1396 1643 1432 et
1674 1393 1941 1442 apostolicam

104 1466 442 1505 benedictionem.
505 1465 699 1504 Euidenti
741 1467 854 1515 patet
892 1463 1096 1515 exemplo,
1139 1462 1246 1513 quod
1289 1460 1488 1513 affectum,
1529 1471 1646 1511 quem
1686 1460 1803 1498 carni
1837 1458 1941 1498 deus

105 1534 290 1586 inseruit,
324 1544 399 1584 per
432 1537 617 1571 naturam
659 1533 858 1582 impetere
891 1531 967 1569 imo
1007 1531 1141 1580 potius
1174 1530 1358 1568 euellere
1398 1529 1559 1578 penitus
1600 1528 1739 1566 nititur
1772 1526 1942 1565 dissen-

106 1601 234 1639 sionis
267 1604 412 1639 auctor
449 1599 664 1639 fraudibus
704 1599 901 1638 assuetis.
963 1598 1075 1636 Idem
1115 1598 1221 1635 enim
1262 1596 1454 1634 malorum
1487 1595 1658 1634 omnium
1692 1598 1942 1633 veternosus

107 1668 295 1706 incentor
326 1669 434 1706 inter
467 1665 599 1717 caym
638 1669 679 1706 et
709 1666 821 1706 Abel
859 1666 1010 1716 primos
1042 1663 1194 1703 fratres
1234 1663 1314 1702 odii
1347 1666 1390 1701 et
1427 1663 1616 1702 rancoris
1657 1663 1942 1715 suggestione

109 1734 325 1774 damnabili
368 1733 544 1773 fomitem
585 1734 916 1785 subministrans,
955 1732 1124 1770 alterum
1163 1732 1203 1769 in
1237 1731 1401 1769 exilium
1440 1730 1610 1769 alterius
1641 1730 1794 1768 violato
1834 1740 1943 1782 ger-

106 1803 307 1842 manitatis
345 1800 519 1841 foedere
558 1802 815 1852 prouocauit7
857 1803 898 1838 et
936 1799 1072 1838 adhuc
1110 1802 1189 1837 tam
1237 1798 1510 1836 discriminosi
1551 1797 1709 1836 dissidii
1750 1798 1943 1836 continuo

107 1869 229 1909 telam
258 1873 425 1922 texens⁷
465 1870 573 1908 inter
605 1869 844 1907 carissimos
884 1868 925 1906 in
958 1865 1126 1906 Christo
1159 1864 1260 1904 filios
1299 1869 1465 1904 nostros
1499 1894 1508 1903 .
1542 1894 1552 1903 .
1585 1865 1780 1917 Ungarie
1814 1867 1855 1903 et
1887 1893 1896 1902 .
1931 1893 1941 1903 .

108 1936 280 1975 Boemie
311 1947 445 1990 reges
478 1936 661 1975 illustres
693 1935 1061 1987 consanguinitate
1094 1934 1335 1972 coniunctos
1363 1931 1551 1971 infestam
1583 1932 1792 1971 admodum
1825 1932 1944 1971 nobis

110 2007 151 2042 et
188 2001 403 2042 infaustam
442 2004 521 2042 iam
559 2003 716 2053 pridem
748 2001 993 2041 discordiam
1033 2001 1261 2053 seminauit,
1293 2011 1350 2039 ex
1382 2011 1461 2051 qua
1501 1999 1754 2050 deploranda
1793 2011 1942 2050 rerum,

111 2071 331 2110 animarum
356 2075 397 2110 et
418 2083 632 2122 corporum
651 2070 804 2124 grandi
828 2079 990 2109 merore
1015 2068 1248 2106 discrimina
1269 2067 1438 2106 assidue
1459 2068 1680 2118 prouenire
1704 2071 1944 2121 noscuntur,

110 2138 204 2188 quia
243 2138 484 2177 desolantur
523 2139 719 2190 ecclesie,
760 2138 1038 2187 opprimuntur
1086 2135 1273 2188 orphani⁷
1315 2146 1525 2185 pauperes
1566 2139 1608 2174 et
1647 2135 1773 2173 vidue
1813 2135 1944 2185 prede

110 2208 263 2258 patent,
295 2209 337 2245 et
369 2206 476 2256 quod
509 2206 687 2259 grauius
720 2205 921 2258 gerimus,
953 2202 1096 2242 fideles
1129 2214 1232 2254 quos
1266 2200 1460 2243 Christus
1492 2214 1567 2242 suo
1599 2203 1810 2256 sanguine
1844 2214 1944 2253 pre-

110 2272 214 2311 tioso
246 2273 401 2312 liberos
439 2273 637 2326 reddidit⁷
676 2272 765 2311 diro
804 2271 1017 2324 gentilium
1059 2270 1288 2309 subduntur
1326 2271 1519 2322 dominio7
1560 2270 1823 2320 compedibus
1865 2270 1944 2309 ob-

111 2341 224 2378 noxii
255 2340 476 2391 prohdolor
507 2341 731 2379 seruitutis.
789 2339 966 2389 Propter
998 2338 1103 2388 quod
1138 2340 1202 2377 est
1233 2338 1353 2377 nobis
1386 2349 1513 2388 super
1544 2337 1608 2376 his
1641 2338 1797 2376 saniori
1830 2348 1942 2376 sum-

112 2418 277 2457 mopere
310 2407 606 2458 prouidendum
632 2406 817 2459 consilio,
849 2409 892 2444 ut
922 2405 972 2444 ad
1007 2406 1209 2444 interitum
1243 2405 1471 2445 deducatur
1498 2405 1773 2444 dissensionis
1800 2416 1943 2444 semen

113 2473 357 2528 huiusmodi,
399 2478 618 2526 antequam
655 2485 733 2524 per
770 2473 1075 2526 negligentiam
1113 2473 1283 2524 amplius
1321 2473 1552 2525 coalescat3
1592 2473 1686 2524 quia
1725 2474 1760 2512 si
1798 2477 1942 2513 nostra

116 2541 243 2593 ipsum
269 2542 470 2593 pullulare
493 2541 758 2581 dissimulatio
781 2541 886 2581 ultra
911 2540 1155 2595 permiserit,
1180 2539 1341 2580 difficile
1363 2541 1513 2593 poterit
1540 2540 1659 2581 etiam
1683 2540 1941 2592 prouidentie
