2155 2928
937 152 1041 194 307

72 295 307 349 parochiale
340 293 497 333 habere
529 305 611 333 non
643 293 782 347 debet,
824 298 944 345 prout
975 296 1015 333 in
1051 292 1282 344 patentibus
1320 291 1483 343 litteris,
1516 288 1718 329 confectis
1752 291 1906 331 exinde

72 377 123 406 ac
160 363 301 417 sigillo
342 363 526 412 episcopi
568 361 715 413 prefati
757 363 941 416 signatis
982 362 1142 413 plenius
1191 361 1338 400 dicitur
1376 359 1592 398 contineri.
1655 358 1761 406 Quia
1803 371 1906 399 vero

71 431 296 473 huiusmodi
335 430 552 481 ordinatio,
592 435 783 469 statutum
831 436 872 469 et
913 430 1140 469 declaratio
1181 433 1289 481 sunt,
1339 428 1446 466 sicut
1483 426 1658 478 asseris⁷
1700 438 1724 464 a
1766 426 1908 479 longis

72 500 290 541 retroactis
322 498 574 548 temporibus
606 497 778 548 pacifice
812 499 1056 537 obseruata:
1090 509 1165 536 nos
1198 498 1278 536 tuis
1311 495 1678 546 supplicationibus
1712 494 1908 548 inclinati,

73 567 178 620 quod
216 578 344 617 super
383 566 485 616 ipsis
527 566 578 604 ab
620 566 765 605 eodem
805 567 1006 616 episcopo
1051 565 1221 616 prouide
1263 563 1412 603 factum
1452 568 1530 615 est,
1570 567 1612 602 et
1651 563 1691 601 in
1733 563 1908 601 alicuius

74 635 334 688 preludicium
368 645 447 672 non
481 633 699 687 redundat,
732 638 859 672 ratum
893 639 934 673 et
967 632 1115 672 firmum
1148 633 1353 671 habentes
1386 631 1424 670 id
1458 631 1704 670 auctoritate
1737 635 1910 681 aposto-

73 705 151 744 lica
183 700 478 754 confirmamus7
518 706 560 740 et
593 703 800 751 presentis
843 703 985 751 scripti
1028 702 1255 752 patrocinio
1295 701 1593 739 communimus.
1656 699 1765 738 Nulli
1799 709 1909 752 ergo

75 771 232 810 omnino
265 770 463 808 bominum
496 769 633 822 liceat7
667 769 774 808 hanc
808 771 1003 823 paginam
1038 775 1178 808 nostre
1211 767 1528 807 confirmationis
1561 765 1809 821 infringere,
1844 767 1911 806 vel

75 841 114 879 ei
145 850 248 877 ausu
288 838 507 876 temerario
541 839 763 876 contraire.
826 837 872 877 Si
914 839 1005 888 quis
1045 843 1178 875 autem
1212 837 1289 875 hoc
1322 840 1565 885 attemptare
1598 836 1910 887 presumpserit,

75 907 397 960 indignationem
423 906 708 955 omnipotentis
742 905 807 944 dei
842 911 882 944 et
912 906 1123 943 beatorum
1158 905 1269 943 Petri
1296 909 1337 943 et
1369 904 1487 943 Pauli
1511 904 1786 954 apostolorum
1821 905 1912 942 eius

19 974 23 976 ’
75 986 124 1014 se
155 975 316 1013 nouerit
346 975 616 1012 incursurum.
653 974 800 1013 Datum
831 973 1048 1027 Laterani7
1082 974 1135 1012 V.
1168 973 1266 1012 Idus
1291 973 1446 1011 Martii.
1482 970 1748 1011 Pontificatus
1782 972 1913 1010 nostri

77 1054 182 1082 anuo
213 1042 398 1093 septimo.

378 1139 408 1172 E
432 1139 578 1172 codice
602 1140 765 1171 ecclesiae
787 1149 815 1171 S.
838 1139 981 1171 Jacobi
1004 1140 1161 1171 Brunae
1184 1148 1275 1170 saec.
1299 1138 1428 1170 XVIII.

851 1303 1134 1346 CCCXVIII.

79 1408 357 1451 Pataviensis,
389 1407 678 1448 Olomncensis
710 1409 748 1446 el
771 1408 1008 1457 Prayensis
1036 1407 1220 1458 episcopi
1241 1406 1492 1458 promittant,
1521 1403 1750 1444 otakarum
1772 1416 1914 1455 reqem

79 1477 219 1515 initam
243 1488 335 1515 cum
366 1488 465 1527 reqe
492 1477 706 1526 snyarz'ae
736 1488 879 1527 pacem
904 1479 1165 1514 serratarum.
1198 1474 1271 1513 sub
1295 1474 1736 1512 eoecomnmnicationis
1764 1484 1914 1525 poena.

434 1546 505 1584 Dt.
547 1545 741 1595 Hennae,
772 1544 911 1596 pridie
943 1543 1165 1583 Kalendas
1197 1543 1373 1594 Aprilis9
1414 1541 1563 1581 1261.

216 1635 327 1696 Nos
377 1654 426 1695 Ο.
474 1655 753 1707 Patauiensis7
794 1655 843 1693 B.
886 1654 1170 1694 olomucensis
1218 1657 1259 1692 et
1297 1654 1328 1691 Ι.
1370 1652 1607 1705 pragensis
1656 1651 1722 1690 dei
1763 1652 1916 1705 gracia

83 1723 350 1762 ecclesiarum
398 1724 598 1776 episcopi7
647 1723 833 1762 omnibus
882 1724 1131 1773 presentium
1179 1721 1485 1772 inspectoribus
1532 1720 1792 1759 declaramus
1838 1730 1915 1758 nos

83 1793 319 1842 promisisse
351 1797 393 1831 et
425 1794 661 1843 promittere
696 1792 800 1831 bona
835 1792 927 1844 fide,
961 1791 1066 1842 quod
1101 1791 1299 1829 dominnm
1331 1794 1527 1842 nostrum,
1560 1788 1759 1827 dominum
1790 1788 1918 1842 regni

82 1860 264 1913 Boemie,
297 1860 439 1900 ducem
468 1862 640 1900 Austrie
673 1866 714 1900 et
740 1861 883 1911 Styrie
915 1860 1274 1909 marchionemque
1297 1857 1505 1910 Morauie,
1532 1856 1584 1896 ad
1611 1856 1916 1895 obseruandum

84 1929 212 1968 omnia
249 1928 314 1968 illa
356 1934 398 1968 et
438 1929 622 1982 singula⁷
665 1939 744 1980 que
787 1930 825 1967 in
868 1928 1146 1967 instrumentis
1185 1928 1294 1965 inter
1335 1926 1533 1964 dominum
1573 1929 1753 1963 nostrum
1794 1928 1916 1963 ante-

84 1995 243 2050 dictum,
276 2002 317 2036 et
348 1998 546 2036 dominum
586 2009 733 2051 regem
767 1998 961 2050 Ungarie
1003 2000 1043 2035 et
1076 1996 1267 2049 reginam
1301 2005 1350 2032 ac
1384 1995 1562 2044 ipsorum
1595 1991 1697 2032 filios
1730 1993 1916 2032 median-

84 2065 190 2104 tibus
222 2066 422 2119 religioso
454 2067 544 2105 viro
577 2064 706 2105 fratre
739 2066 940 2105 Ludwico
974 2065 1025 2103 de
1059 2064 1173 2102 domo
1207 2062 1437 2101 Teutonica
1478 2061 1807 2100 commendatore
1840 2061 1918 2099 do-

84 2144 232 2172 morum
279 2145 354 2184 per
393 2135 601 2174 Boemiam
651 2140 693 2173 et
741 2134 945 2173 nobilibus
985 2133 1086 2171 viris
1132 2132 1292 2170 Iarosio
1339 2130 1554 2183 Pragensi
1603 2130 1837 2182 purcrauio,
1877 2132 1920 2168 et

84 2199 314 2241 Wokkone
351 2203 583 2242 marscalco
629 2204 753 2256 regni
793 2202 962 2241 Boemie
1011 2198 1213 2239 consectis
1253 2200 1514 2238 continentur
1554 2198 1658 2237 omni
1698 2197 1918 2250 diligentia

84 2267 333 2309 inducemus.
395 2271 443 2311 Si
483 2282 585 2310 vero
625 2271 957 2321 compositionem
1005 2268 1230 2318 predictam
1273 2278 1347 2318 per
1389 2266 1586 2305 dominum
1628 2269 1809 2304 nostrum
1848 2265 1918 2304 vel

87 2345 183 2375 suos
215 2339 439 2391 contigerit
482 2339 642 2392 violari,
682 2343 723 2377 et
761 2338 866 2377 idem
906 2337 1089 2376 dominus
1122 2339 1264 2374 noster
1302 2335 1524 2386 requisitus
1557 2346 1637 2373 non
1680 2333 1920 2373 emendaret

87 2401 191 2443 infra
225 2411 420 2456 quartuor
453 2408 646 2445 mensium
688 2407 861 2456 spatium
895 2416 949 2444 ex
980 2409 1077 2443 tune
1116 2405 1244 2454 ipsum
1277 2403 1604 2442 denuntiabimus
1637 2402 1919 2441 excommuni-

89 2472 259 2511 cationis
293 2475 456 2513 vinculo
481 2475 714 2513 innodatum
748 2474 881 2524 quiuis
908 2477 1087 2511 nostrum
1121 2473 1161 2510 in
1186 2471 1356 2510 diocese
1380 2483 1469 2510 sua.
1496 2476 1633 2510 terras
1661 2471 1749 2509 eins
1776 2470 1919 2509 eccle-

88 2539 255 2579 siastico
280 2542 533 2583 subicientes
559 2542 776 2582 interdicto
801 2545 842 2581 et
865 2541 916 2581 ad
942 2540 1020 2580 hoc
1044 2538 1274 2579 faciendum
1300 2539 1467 2591 quilibet
1492 2543 1672 2578 nostrum
1698 2538 1919 2577 iurauimus

1606 2605 1715 2647 392⁴*
