2155 2928
952 168 1056 209 339

85 309 225 366 gratie
263 319 339 348 sue
373 308 492 347 donis
532 311 574 348 et
605 308 909 363 insignioribus
941 310 1180 363 illustratur,
1213 307 1371 348 decens
1410 311 1451 348 et
1489 319 1721 362 congruum
1753 310 1922 349 estima-

85 389 185 430 muS,
225 381 269 416 ut
313 376 365 415 ad
405 377 668 415 imitationem
710 378 837 430 illius,
880 380 946 429 qui
995 379 1179 417 omnibus
1228 377 1298 416 dat
1338 382 1379 416 et
1419 377 1513 415 nulli
1561 378 1827 431 improperat,
1867 379 1923 417 illi

84 450 226 488 nostra
267 445 512 498 benignitas
551 446 784 497 gratiosior
822 449 947 496 atque
986 446 1212 499 benignior
1250 456 1416 495 semper
1456 445 1634 498 illuceat,
1674 446 1740 496 qui
1781 450 1923 485 nostro

84 513 345 564 beneplacito
380 512 601 551 voluntatis
643 524 732 551 cum
771 515 911 552 maiori
944 514 1138 552 libertate
1178 517 1219 552 et
1258 512 1572 563 promptitudine
1604 524 1652 552 se
1685 511 1923 552 conformat.

84 583 191 623 Hinc
221 585 298 633 est,
331 580 439 631 quod
467 592 555 620 cum
588 581 758 619 illustris
792 581 1003 632 Otoyarus
1029 582 1286 620 Boemorum
1317 593 1400 618 rem
1426 581 1573 619 nullius
1605 578 1924 633 gratificationis

84 649 334 702 muneribus,
366 648 441 687 sed
484 650 650 699 proprie
691 649 891 688 duntaxat
929 650 1093 688 virtutis
1125 653 1166 687 et
1205 648 1462 687 liberalitatis
1496 649 1688 687 instinctu
1722 649 1925 699 pellectus

84 716 311 758 liberaliter
350 716 403 755 ad
444 717 575 756 nostri
620 717 769 755 cultum
819 717 981 755 dominii
1020 718 1074 755 sit
1113 727 1359 769 conuersuS,
1399 720 1441 755 et
1480 718 1684 766 promittat
1727 717 1926 769 legaliter

85 796 136 825 se
167 785 368 835 deinceps
401 788 544 823 nostre
578 784 811 823 deuotionis
845 784 1072 837 obsequiis,
1105 788 1147 822 et
1171 785 1371 824 mandatis
1403 789 1647 823 constanter
1679 789 1720 823 et
1753 782 1928 823 fideliter

86 852 355 905 adhesurum3
404 864 481 891 nos
523 852 653 902 ipsum
693 851 745 891 ob
791 852 870 890 hoc
910 852 1255 905 condignioribus
1295 851 1535 905 honoribus,
1583 855 1625 891 et
1665 853 1927 905 gratioribus

87 916 298 962 beneficiis
331 921 526 971 prosequi
569 921 808 973 cupientes3
849 931 976 959 nosse
1008 932 1085 958 vos
1125 920 1310 959 volumus
1342 921 1563 958 uniuersos
1603 919 1709 970 quod
1752 919 1927 958 eundem

87 999 233 1043 regem
281 988 333 1027 de
378 988 679 1040 principatibus
728 989 869 1038 Regni
907 987 1122 1037 Bolzemte,
1168 992 1210 1026 et
1255 987 1567 1026 marchionatus
1615 989 1824 1038 Morauie,
1876 999 1927 1026 ac

87 1056 270 1096 omnibus
316 1054 452 1096 feudis
499 1056 619 1095 dictis
667 1055 828 1095 duobus
876 1055 1174 1106 principatibus
1222 1055 1549 1108 attingentibus,
1599 1067 1702 1106 quos
1751 1058 1792 1093 et
1842 1066 1922 1106 que

87 1125 202 1164 clare
250 1126 443 1164 memorie
487 1128 607 1175 pater
653 1128 694 1163 et
733 1125 1032 1178 progenitores
1081 1123 1262 1161 eiusdem
1308 1124 1415 1162 iuste
1455 1127 1496 1161 et
1535 1123 1835 1162 rationabiliter
1875 1122 1927 1162 ab

87 1193 255 1245 imperio
294 1197 517 1233 tenuerunt
558 1193 808 1232 authoritate
849 1192 1102 1243 presentium
1143 1191 1396 1243 inuestimuS,
1436 1192 1556 1242 eique
1599 1191 1731 1229 dictos
1772 1191 1929 1240 princi-

87 1265 207 1314 patus
257 1268 299 1301 et
343 1260 468 1301 feuda
518 1262 757 1313 simpliciter
802 1261 1051 1300 authoritate
1092 1260 1217 1312 regia
1256 1256 1553 1297 confirmamus,
1616 1259 1671 1297 Et
1713 1259 1807 1309 quia
1846 1269 1928 1297 non

87 1329 247 1370 multum
286 1331 429 1383 gratie
470 1333 587 1369 tante
625 1330 808 1381 potentie
850 1333 892 1368 et
931 1328 1133 1367 claritatis
1174 1327 1276 1366 viris
1317 1338 1392 1377 per
1433 1327 1509 1365 ista
1552 1326 1738 1365 videmur
1770 1327 1929 1376 impen-

89 1398 204 1451 dere,
237 1409 316 1449 que
349 1403 512 1437 constat
544 1399 681 1437 claros
716 1398 1013 1451 progenitores
1045 1407 1144 1434 suos
1178 1394 1372 1434 officiosis
1396 1394 1622 1447 laboribus,
1655 1398 1696 1432 et
1728 1394 1929 1447 gloriosis

89 1466 249 1505 actibus
273 1468 499 1519 meruisse3
532 1478 607 1505 nos
631 1467 760 1517 ipsum
795 1478 868 1516 pro
898 1476 974 1504 sue
1008 1464 1237 1503 deuotionis
1269 1464 1421 1501 meritis
1454 1463 1613 1512 plenius
1647 1467 1687 1501 et
1721 1463 1929 1515 insignius

88 1532 296 1573 honorare
328 1535 519 1573 volentes
553 1534 684 1573 eidem
718 1534 816 1588 regi
850 1538 891 1573 et
929 1534 1016 1571 suis
1051 1532 1246 1585 legitimis
1286 1531 1524 1583 heredibus,
1565 1531 1630 1580 qni
1665 1531 1702 1568 ei
1737 1531 1775 1568 in
1810 1530 1930 1568 bonis

90 1599 320 1641 feudalibus
353 1602 579 1642 secundum
619 1604 682 1642 ius
715 1607 757 1642 et
795 1601 1135 1641 consuetudinem
1175 1601 1285 1637 sacri
1327 1600 1480 1648 imperii
1516 1598 1567 1636 de
1601 1599 1689 1636 iure
1724 1601 1930 1651 poterunt,

91 1672 133 1709 et
162 1669 373 1710 habebunt
412 1682 486 1722 pro
525 1671 643 1710 nobis
684 1675 725 1710 et
764 1670 917 1709 nostris
957 1668 1275 1707 successoribus
1315 1666 1629 1717 imperatoribus
1672 1669 1712 1704 et
1753 1666 1930 1719 regibus

91 1737 364 1777 Romanorum
408 1739 499 1777 illos
538 1739 643 1778 duos
682 1738 843 1778 nobiles
892 1738 1160 1789 principatus,
1202 1735 1390 1774 ducatum
1430 1734 1625 1773 videlicet
1663 1735 1849 1787 Austrie,
1890 1737 1932 1774 et

91 1806 409 1846 marchionatum
441 1807 571 1847 Stirie
603 1807 655 1845 ad
689 1819 847 1846 manum
876 1806 1032 1856 imperii
1066 1809 1107 1843 et
1145 1804 1196 1842 ad
1230 1807 1410 1842 nostram
1444 1802 1495 1841 de
1522 1803 1609 1840 iure
1641 1802 1773 1840 libere
1799 1801 1931 1840 deuo-

91 1873 197 1913 lutos
229 1885 319 1913 cum
352 1875 537 1914 omnibus
570 1873 704 1913 feudis
738 1875 791 1913 ad
824 1874 955 1913 dictos
989 1873 1090 1912 duos
1125 1871 1422 1922 pertinentibus
1451 1870 1705 1920 principatus
1739 1869 1791 1907 ab
1825 1869 1931 1907 omni

92 1941 258 1992 imperio
299 1943 449 1982 debitis
496 1947 538 1982 et
583 1944 796 1982 consuetis
838 1942 973 1981 teneri
1022 1940 1286 1993 integraliter
1331 1942 1372 1977 et
1411 1938 1649 1988 simpliciter
1688 1938 1727 1975 in
1767 1935 1930 1975 feudum

93 2011 376 2064 concedimus,
424 2012 545 2062 eique
599 2015 640 2050 et
680 2010 907 2050 huiusmodi
955 2010 1042 2048 suis
1083 2008 1308 2047 heredibus
1357 2007 1395 2044 in
1444 2009 1680 2056 perpetuum
1722 2005 1930 2055 presentis

92 2079 232 2129 scripti
267 2080 493 2129 patrocinio
533 2080 776 2131 stabilimus,
810 2079 862 2117 ab
906 2079 994 2128 ipso
1027 2082 1069 2116 et
1106 2078 1193 2115 suis
1237 2074 1460 2114 heredibus
1501 2073 1833 2125 quemadmodum
1867 2076 1933 2111 est

94 2148 362 2197 prescriptum
395 2149 484 2187 iure
518 2152 560 2186 et
591 2148 704 2186 titulo
738 2146 888 2186 feudali
924 2149 1122 2196 perpetuo
1162 2142 1451 2194 possidendos.
1514 2141 1634 2180 Nulla
1669 2142 1800 2193 igitur
1833 2152 1932 2191 per-

93 2224 195 2253 sona
229 2215 414 2255 sublimis
447 2216 516 2255 vel
549 2215 722 2268 humilis,
756 2214 1046 2253 ecclesiastica
1080 2212 1146 2250 vel
1175 2211 1377 2250 mundana
1403 2212 1610 2259 presumat
1633 2209 1754 2247 huius
1790 2212 1932 2247 nostre

91 2281 346 2337 inuestionis,
385 2282 703 2323 confirmationis
745 2287 786 2322 et
824 2282 1112 2321 concessionis
1151 2283 1293 2317 nostre
1334 2279 1531 2330 paginam
1572 2275 1822 2330 infringere,
1860 2275 1931 2315 vel

95 2350 134 2388 ei
173 2362 275 2389 ausu
315 2353 535 2390 temerario
576 2352 808 2402 contraire3
857 2349 964 2400 quod
1004 2349 1038 2387 si
1079 2349 1169 2399 quis
1211 2345 1371 2399 fecerit,
1414 2347 1502 2396 ipso
1542 2344 1651 2384 sacto
1690 2356 1738 2383 se
1771 2345 1933 2383 nouerit

95 2415 268 2457 bannum
296 2420 465 2473 imperii,
490 2424 533 2459 et
555 2425 697 2458 nostre
722 2417 915 2457 offensam
944 2416 1198 2455 celsitudinis
1224 2415 1465 2453 incurrisse.
1519 2414 1566 2452 ln
1599 2414 1764 2452 istorum
1799 2417 1933 2452 autem

97 2487 265 2525 omnium
297 2489 566 2526 testiinonium
599 2492 641 2526 et
673 2486 918 2525 euidentiam
952 2485 1189 2535 pleniorem,
1230 2493 1407 2532 presens
1441 2482 1633 2531 scriptum
1668 2480 1822 2519 exinde
1855 2480 1933 2519 de-

96 2553 236 2607 scribi,
267 2558 310 2594 et
339 2556 482 2610 sigillo
513 2556 741 2596 maiestatis
774 2558 917 2593 nostre
950 2553 1140 2592 iussimus
1180 2551 1427 2590 communiri.
1489 2549 1638 2588 Datum
1671 2549 1933 2603 Aquisgrani

1617 2614 1729 2656 43,
