2155 2928
932 150 1033 192 301

72 291 354 332 Olomucensis
400 290 583 331 diocesis
628 291 798 330 salutem
846 294 888 330 et
934 291 1201 342 apostolicam
1245 289 1588 329 benedictionem.
1658 291 1906 331 Deuotionis

69 362 209 399 uestre
242 358 436 408 precibus
476 359 657 397 inclinati
693 360 941 409 presentium
980 359 1099 398 uobis
1139 359 1384 396 auctoritate
1423 358 1685 397 concedimus
1725 363 1768 398 ut
1806 371 1907 409 pos-

69 427 283 466 sessiones
317 429 357 463 et
389 426 470 463 alia
503 426 612 464 bona
645 427 806 464 mobilia
842 431 882 466 et
915 426 1126 464 immobilia
1161 437 1239 476 que
1279 426 1432 464 liberas
1474 437 1679 476 personas
1720 438 1906 465 sororum

70 498 298 533 uestrarum
330 492 463 531 mundi
498 493 641 531 relicta
674 495 854 532 uanitate
887 495 939 532 ad
980 498 1160 532 uestrum
1199 494 1487 532 monasterium
1526 493 1827 531 conuolantium
1867 496 1908 532 et

71 559 367 612 professionem
401 558 635 598 facientium
669 562 706 599 in
742 561 883 599 eodem
918 563 1006 599 iure
1039 562 1321 599 successionis
1360 561 1426 599 uel
1460 561 1539 599 alio
1573 562 1679 599 iusto
1718 561 1832 599 titulo
1872 561 1908 599 si

70 627 367 667 remansissent
399 628 438 665 in
471 628 613 666 seculo
647 630 928 681 contigissent
961 632 1001 667 et
1034 629 1122 679 ipse
1156 630 1386 678 potuissent
1423 629 1514 666 aliis
1547 628 1678 667 libere
1719 638 1908 681 erogare

72 695 197 734 rebus
236 692 468 733 feudalibus
511 695 723 733 dumtaxat
763 697 953 745 exceptis
996 697 1171 734 ualeatis
1206 703 1410 746 expetere
1452 697 1645 746 recipere
1693 707 1744 734 ac
1787 696 1909 734 etiam

70 764 264 802 retinere.
318 763 425 801 Nulli
459 773 568 815 ergo
602 764 761 801 omnino
795 763 992 801 hominum
1026 764 1150 802 liceat
1182 764 1289 802 hanc
1323 765 1518 817 paginam
1552 768 1693 802 nostre
1727 774 1909 802 conces-

71 831 197 870 sionis
230 828 462 883 infringere
495 831 560 869 uel
596 832 633 869 ei
667 843 771 869 ausu
803 832 1022 869 temerario
1057 832 1276 869 contraire.
1338 831 1385 871 Si
1420 832 1510 882 quis
1552 835 1684 869 autem
1724 831 1803 868 hoc
1843 834 1910 869 at-

71 901 269 948 temptare
302 899 598 948 presumpserit
631 898 957 951 indignationem
991 900 1275 948 omnipotentis
1309 899 1374 936 dei
1409 903 1448 937 et
1480 898 1691 937 beatorum
1721 898 1834 936 Petri
1868 902 1910 937 et

21 963 27 966 ’
71 965 187 1004 Pauli
226 966 500 1016 apostolorum
539 967 629 1005 eius
671 977 719 1004 se
759 966 921 1004 nouerit
961 967 1229 1005 incursurum.
1285 966 1435 1005 Datum
1475 966 1674 1005 Laterani
1715 965 1771 1004 V.
1809 965 1908 1004 ldus

70 1034 300 1073 Februarii.
348 1031 617 1072 Pontificatus
651 1034 779 1072 nostri
812 1045 920 1072 anno
952 1033 1150 1083 Septimo.

374 1130 429 1163 Ex
452 1130 650 1172 originali
674 1129 856 1172 ejusdem
879 1131 1075 1162 monasterii.

898 1293 1093 1337 CCCXI.

78 1396 192 1436 Idem
222 1397 393 1436 mandat
420 1397 555 1437 abbate·
586 1397 823 1448 Scotorum,
856 1400 902 1435 ut
931 1398 1041 1436 litem
1074 1397 1178 1435 inter
1209 1396 1504 1434 monasterium
1533 1393 1844 1433 Tighowicense
1875 1395 1914 1432 el

70 1464 288 1516 plebanum
319 1465 370 1505 de
400 1466 522 1505 Rite&
553 1467 739 1516 aliosque
772 1466 948 1504 elericos
980 1477 1106 1515 snper
1139 1464 1309 1502 decimis
1343 1463 1516 1502 decidat.
1579 1463 1651 1501 Dt.
1690 1462 1910 1512 Laterani,

672 1533 718 1572 1⁷.
751 1532 855 1571 Idus
888 1532 1129 1581 Februarii,
1171 1531 1320 1570 1261.

209 1623 479 1684 Alexander
511 1644 734 1694 episcopus
767 1653 918 1681 seruus
952 1653 1166 1680 seruorum
1200 1640 1278 1678 dei.
1327 1640 1493 1678 Dilecto
1527 1637 1605 1677 fillo
1637 1637 1790 1677 Abbati
1823 1647 1912 1675 mo-

74 1711 243 1748 nasterii
276 1710 327 1749 de
359 1710 501 1751 Scotis
535 1711 816 1749 wiennensis
850 1710 1116 1748 Patauiensis
1149 1708 1329 1745 diocesis
1363 1707 1533 1745 salutem
1568 1708 1609 1744 et
1642 1704 1912 1754 apostolicam

74 1776 411 1817 benedictionem.
469 1777 712 1828 Conqueste
744 1782 838 1816 sunt
871 1777 990 1815 nobis
1025 1777 1174 1814 dilecte
1208 1776 1246 1813 in
1281 1774 1450 1814 fin-isto
1489 1772 1568 1811 filie
1601 1773 1831 1811 Abbatissa
1872 1774 1914 1810 et

74 1850 302 1884 conuentus
343 1847 581 1884 monasterii
617 1846 668 1884 de
711 1846 845 1884 Porta
888 1844 978 1883 Cela·
1020 1843 1316 1883 Cisterciensis
1363 1841 1518 1879 ordinis
1565 1840 1669 1890 quod
1713 1839 1912 1889 plebanus

81 1912 262 1952 ecclesie
295 1913 345 1952 de
364 1913 594 1952 Heinrz‘clzs
627 1918 667 1952 et
694 1914 852 1963 quidam
879 1913 944 1951 alii
972 1912 1111 1950 clerici
1136 1911 1418 1949 Olomucensis
1444 1909 1621 1946 ciuitatis
1655 1915 1696 1946 et
1729 1907 1913 1945 diocesis

76 1990 201 2029 super
233 1980 401 2019 decimis
432 1982 558 2019 terris
592 1981 934 2031 possessionibus
965 1984 1006 2017 et
1039 1979 1165 2016 rebus
1190 1978 1282 2015 aliis
1316 1977 1559 2014 iniuriantur
1584 1975 1752 2013 eisdem.
1785 1973 1914 2012 Ideo-

75 2057 153 2097 que
186 2047 423 2086 discretioni
456 2052 525 2087 tue
558 2060 634 2098 per
667 2048 893 2099 apostolica
927 2048 1082 2095 scripta
1116 2045 1353 2083 mandamus
1387 2044 1577 2094 quatinus
1605 2042 1786 2091 partibus
1810 2051 1913 2079 con-

74 2115 232 2153 uocatis
265 2115 410 2154 audias
444 2127 610 2154 causam
651 2119 691 2154 et
731 2116 1006 2165 appellatione
1048 2117 1202 2152 remota
1243 2112 1380 2150 debito
1414 2109 1492 2149 fine
1525 2110 1711 2161 decidas,
1753 2107 1913 2147 faciens

76 2181 178 2231 quod
219 2182 462 2221 decreueris
507 2194 581 2233 per
629 2194 851 2221 censuram
899 2182 1227 2220 ecclesiasticam
1270 2178 1435 2217 firmiter
1473 2178 1704 2216 obseruari.
1759 2176 1914 2215 Testes

78 2252 209 2288 autem
242 2250 308 2300 qui
341 2248 492 2289 fuerint
523 2251 659 2289 uocati
694 2251 729 2288 si
763 2261 810 2288 se
844 2250 993 2302 gracia
1029 2248 1120 2286 odio
1153 2247 1219 2286 uel
1253 2248 1394 2285 timore
1422 2246 1705 2284 subtraxerint
1732 2255 1914 2283 censura

75 2316 190 2354 simili
252 2319 529 2368 appellatione
591 2322 788 2356 cessante
844 2316 1065 2366 compellas
1128 2315 1291 2353 ueritati
1351 2314 1620 2352 testimonium
1678 2311 1914 2361 perhibere.

79 2382 224 2424 Datum
257 2385 456 2425 Laterani
489 2387 544 2425 V.
577 2386 677 2424 Idus
709 2384 941 2423 Februarii.
973 2381 1241 2422 Pontificatus
1273 2382 1402 2421 nostri
1436 2393 1544 2420 anno
1577 2381 1762 2432 septimo.

377 2483 432 2517 Ex
455 2483 651 2525 originali
676 2481 857 2523 ejusdem
879 2481 1076 2512 monasterii.
