2155 2928
955 204 1021 245 89

74 345 221 386 deuote
260 345 419 385 domino
451 343 708 384 famulantes.
749 343 801 384 de
832 345 1152 384 institutionibus
1190 341 1359 383 fratrum
1392 344 1548 383 ordinis
1590 344 1898 395 predicatorum

72 413 162 453 illas
195 423 273 463 que
306 413 424 452 uobis
456 416 699 463 competunt.
737 412 940 451 hactenus
972 413 1232 451 laudabiliter
1270 412 1471 451 duxeritis
1505 413 1808 452 obseruandas.
1846 425 1901 452 ac

72 481 256 520 committi
289 509 299 518 .
332 509 342 519 .
374 510 384 520 .
416 481 628 534 Magistro
668 484 709 519 et
740 509 750 519 .
782 509 792 519 .
824 480 959 519 Priori
992 481 1172 519 Boemie.
1212 481 1339 531 ipsius
1380 480 1535 519 ordinis
1569 479 1785 519 affectetis.
1820 493 1897 520 nos

70 549 174 599 pium
207 552 387 586 uestrum
421 549 668 599 propositum
710 548 750 587 in
782 548 941 586 domino
979 548 1324 587 commendantes.
1358 548 1586 587 deuotionis
1619 552 1762 587 uestre
1796 560 1900 599 pre-

71 616 187 654 cibus
212 616 406 655 inclinati.
434 628 509 655 uos
534 620 575 655 et
601 617 888 655 monasterium
913 619 1106 654 uestrum.
1130 617 1375 655 auctoritate
1401 617 1652 666 presentium
1680 616 1899 669 Magistro

71 686 112 722 et
142 684 275 722 Priori
301 685 577 723 committimus
609 684 870 734 supradictis
896 684 1039 723 eadem
1066 685 1310 722 auctoritate
1336 684 1621 722 nichilominus
1646 687 1899 723 statuentes.

70 755 112 790 ut
143 751 219 790 sub
252 752 468 804 magistrio
501 755 542 790 et
574 751 760 790 doctrina
801 752 1002 805 Magistri
1036 754 1077 790 et
1108 751 1265 790 Prioris
1298 751 1572 790 Prouincialis
1613 753 1794 791 Boemie.
1829 753 1895 803 qui

69 830 142 869 pro
174 823 355 870 tempore
379 817 502 857 fuerit
533 819 730 858 decetero
754 820 967 858 maneatis.
1001 819 1081 857 illis
1106 819 1344 872 gaudentes
1377 820 1623 874 priuilegiis.
1651 831 1730 871 que
1763 820 1895 859 ordini

68 885 252 936 predicto
285 897 490 925 concessa
523 891 629 924 sunt.
661 887 728 925 uel
768 887 808 925 in
841 891 1046 937 posterum
1079 886 1373 926 concedentur.
1416 888 1575 938 ipsique
1608 888 1823 941 Magister
1856 891 1897 927 et

67 953 188 992 Prior
228 954 436 992 contraria
480 954 777 992 consuetudine
810 955 939 1004 ipsius
981 954 1136 993 ordinis
1168 954 1235 993 uel
1274 954 1533 1008 indulgentia
1575 956 1627 994 ab
1667 956 1896 1006 apostolica

67 1021 169 1060 sede
201 1021 379 1060 obtenta.
411 1021 480 1059 uel
514 1022 633 1059 etiam
667 1022 901 1060 obtinenda.
942 1033 1197 1072 nequaquam
1231 1023 1488 1062 obstantibus
1521 1024 1744 1061 animarum
1777 1023 1895 1062 solli-

67 1088 282 1127 citudinem
315 1092 520 1141 gerentes
553 1093 594 1128 et
625 1100 776 1127 curam.
810 1101 860 1128 ac
886 1089 1005 1128 uobis
1039 1090 1090 1128 de
1115 1091 1475 1129 constitutionibus
1509 1091 1691 1130 eiusdem
1725 1092 1894 1129 ordinis.

65 1156 155 1195 illas
187 1166 266 1206 que
290 1156 409 1194 uobis
441 1160 685 1206 competunt.
709 1157 799 1195 sine
832 1155 1067 1195 difficultate
1091 1158 1272 1208 qualibet
1305 1158 1553 1197 exhibentes
1579 1159 1709 1197 eidem
1742 1159 1897 1198 Mona-

66 1224 192 1262 sterio
224 1235 300 1274 per
339 1235 387 1262 se
420 1224 486 1262 uel
525 1224 629 1262 alios
661 1222 814 1263 fratres
853 1226 914 1263 sui
949 1224 1117 1263 ordinis.
1159 1236 1261 1275 quos
1295 1226 1346 1264 ad
1386 1226 1465 1264 hoc
1505 1226 1677 1265 idoneos
1718 1227 1898 1265 uiderint

66 1292 253 1343 quotiens
286 1291 505 1341 expediret
525 1290 695 1330 officium
727 1293 972 1331 uisitationis
998 1293 1245 1342 impendant.
1279 1294 1535 1347 corrigendo
1568 1298 1609 1333 et
1636 1293 1896 1334 reformando

64 1359 210 1398 ibidem
241 1363 321 1398 tam
360 1360 399 1397 in
431 1360 567 1409 capite
607 1371 724 1411 quam
764 1361 803 1399 in
836 1361 1037 1399 membris,
1077 1372 1156 1412 que
1195 1363 1468 1400 correctionis
1511 1366 1552 1401 et
1591 1360 1894 1401 reformationis

64 1425 194 1465 officio
234 1428 424 1465 nouerint
471 1427 678 1480 indigere.
719 1428 1000 1467 nichilominus
1042 1430 1254 1467 instituant
1300 1433 1341 1468 et
1379 1429 1615 1469 destituant.
1660 1434 1814 1468 mutent
1854 1434 1896 1469 et

63 1494 265 1533 ordinent.
305 1497 423 1544 prout
461 1495 501 1533 in
533 1495 624 1534 aliis
663 1496 935 1535 Monasteriis
975 1497 1214 1536 Mouialium
1257 1497 1441 1535 eiusdem
1475 1498 1630 1536 ordinis
1668 1496 1754 1536 fieri
1789 1509 1892 1536 con-

63 1563 211 1601 sueuit.
257 1562 418 1601 Electio
451 1566 585 1601 tamen
609 1563 818 1602 Priorisse
851 1564 981 1602 libere
1008 1565 1212 1614 pertineat
1240 1565 1289 1603 ad
1318 1569 1573 1603 conuentum.
1604 1564 1894 1604 consessiones

61 1634 227 1668 uestras
259 1629 439 1668 audiant.
479 1633 521 1668 et
551 1630 778 1670 ministrent
815 1631 934 1669 uobis
975 1632 1263 1670 ecclesiastica
1305 1637 1578 1671 sacramenta.
1642 1634 1696 1671 Et
1734 1644 1786 1671 ne
1820 1645 1893 1684 pro

62 1707 112 1735 eo
146 1696 253 1747 quod
293 1697 333 1734 in
365 1696 625 1735 Monasterio
665 1701 806 1736 uestro
847 1698 925 1748 ipsi
964 1699 1119 1737 ordinis
1158 1698 1311 1738 fratres
1351 1700 1542 1738 residere
1582 1702 1773 1740 continue
1812 1713 1894 1740 non

61 1767 265 1803 tenentur.
288 1775 360 1814 pro
386 1762 550 1803 defectu
573 1765 804 1804 sacerdotis
830 1767 961 1815 possit
988 1767 1209 1815 periculum
1232 1768 1451 1806 imminere.
1479 1768 1653 1818 predicti
1677 1769 1894 1821 Magister

62 1835 103 1871 et
132 1831 266 1870 Prior.
299 1831 351 1870 ad
386 1830 674 1871 consessiones
707 1834 748 1872 in
779 1834 1044 1872 necessitatis
1077 1835 1248 1873 articulo
1283 1835 1513 1874 audiendas
1549 1839 1590 1874 et
1622 1836 1890 1875 ministranda

61 1903 321 1938 sacramenta
347 1899 545 1949 predicta.
569 1900 687 1939 uobis
712 1900 907 1951 deputent
929 1902 1088 1952 aliquos
1114 1902 1318 1941 discretos
1353 1907 1393 1942 et
1422 1904 1614 1954 prouidos
1639 1905 1891 1955 capellanos.

61 1966 124 2005 Ad
158 1967 237 2005 hoc
261 1967 385 2006 liceat
411 1967 529 2006 uobis
559 1968 742 2006 redditus
768 1973 809 2008 et
833 1970 1126 2019 possessiones
1153 1971 1356 2021 recipere.
1381 1983 1430 2009 ac
1460 1983 1510 2010 ea
1541 1972 1672 2011 libere
1695 1973 1891 2012 retinere.

59 2035 153 2074 Non
178 2035 370 2074 obstante
397 2037 606 2074 contraria
638 2037 937 2076 consuetudine
967 2038 1033 2076 uel
1059 2041 1210 2076 statuto
1238 2039 1369 2088 ipsius
1403 2039 1558 2078 ordinis
1585 2038 1891 2079 confirmatione

59 2101 173 2141 sedis
204 2103 431 2152 apostolice
463 2107 533 2141 aut
565 2114 820 2155 quacumque
850 2103 1036 2144 firmitate
1069 2106 1149 2144 alia
1182 2106 1397 2145 roborare.
1444 2107 1554 2146 Nulli
1588 2119 1696 2161 ergo
1730 2109 1890 2147 omuino

58 2168 259 2208 hominum
290 2170 415 2208 liceat
445 2170 554 2209 hanc
587 2173 785 2224 paginam
818 2174 1101 2211 concessionis
1141 2177 1183 2212 et
1214 2175 1518 2214 constitutionis
1555 2174 1790 2229 infringere
1822 2175 1890 2215 uel

59 2237 97 2276 ei
128 2249 231 2276 ausu
262 2239 481 2276 temerario
521 2240 741 2278 contraire.
803 2239 850 2280 Si
893 2241 982 2291 quis
1015 2244 1149 2280 autem
1181 2241 1260 2280 hoc
1300 2246 1545 2294 attemptare
1578 2246 1889 2294 presumpserit.

57 2303 382 2357 indignationem
410 2306 696 2356 omnipotentis
730 2307 796 2346 dei
821 2311 863 2346 et
894 2309 1105 2348 beatorum
1128 2309 1244 2348 Petri
1277 2316 1318 2349 et
1342 2311 1460 2349 Pauli
1495 2312 1771 2361 apostolorum
1800 2313 1889 2350 eius

57 2382 105 2409 se
137 2373 299 2410 nouerIt
329 2373 600 2412 incursurum.
645 2374 795 2414 Datum
825 2375 1026 2430 Lugduni
1059 2377 1132 2415 111.
1165 2377 1264 2416 Idus
1296 2378 1401 2417 Iulii.
1454 2378 1724 2419 Pontificatus
1757 2381 1888 2419 nostri

56 2439 179 2478 Anno
211 2438 358 2480 Sexto.

359 2495 413 2527 Ex
436 2496 625 2537 originali
648 2497 772 2528 archivi
797 2497 833 2529 S.
856 2498 888 2530 J.
911 2499 1148 2531 Brunensis.
1178 2519 1220 2524 —
1242 2501 1278 2531 In
1302 2502 1542 2543 apographo
1565 2503 1746 2544 Regesto
1771 2504 1888 2534 Inno-

461 2548 585 2578 centii
615 2548 673 2579 IV.
703 2549 841 2589 epistola
869 2547 931 2580 30.
969 2551 999 2581 in
1026 2550 1195 2583 tabulariis
1225 2551 1440 2585 Vaticanis
1470 2553 1554 2584 bulla
1589 2553 1672 2586 haec
1699 2555 1761 2586 sub
1790 2554 1886 2586 Idus

461 2597 538 2628 Julii
561 2597 636 2629 data
660 2601 831 2639 reperitur.
854 2617 897 2623 ——

1619 2649 1680 2690 12
