2155 2928
1104 156 1208 197 320

238 308 416 360 Dytrich
433 307 612 358 Ryestin
632 309 673 345 et
689 304 756 343 alii
777 299 1063 354 quamplures.
1088 298 1239 336 Datum
1256 296 1297 334 in
1316 294 1485 335 Olomuc
1510 293 1635 333 Anno
1659 293 1805 332 domini
1829 292 2069 334 MCCLXI.

238 378 334 419 XII.
367 375 583 417 Kalendas
615 370 883 423 Septembris.

544 471 574 502 E
597 469 737 501 codice
760 463 1015 498 olomucensi
1037 461 1168 493 membr.
1191 461 1219 493 1.
1242 459 1297 493 fol.
1322 457 1384 492 12.

1015 631 1299 676 CCCXXVI.

239 747 356 787 Idem
396 743 613 791 σοηιηιὶΙΙὶῐ,
651 742 697 779 ut
734 737 942 779 Olomucz'i
980 735 1184 775 theatrum
1222 746 1297 773 seu
1335 732 1484 773 domus
1524 733 1768 783 communis,
1809 743 1915 783 quae
1950 732 2072 784 vulgo

238 813 468 865 Kauflnms
509 810 673 858 Alcimi-7
712 806 966 857 aedificetur,
1009 806 1049 843 et
1080 805 1225 856 forum
1266 802 1448 842 annuale
1485 803 1541 841 sit
1575 803 1619 841 in
1659 801 1802 840 eadem
1842 802 2002 840 civitate
2030 802 2074 841 in

382 880 490 931 festo
522 877 556 916 b.
590 875 715 916 Galli.
779 875 850 913 Dt.
883 872 998 924 apud
1026 871 1249 923 Iylaviam,
1282 870 1369 909 III.
1402 868 1507 908 Idus
1541 868 1746 919 octobris,
1786 868 1937 908 1261.

373 968 485 1030 Nos
519 984 754 1026 Otacharus
787 983 856 1034 qui
888 985 931 1022 et
961 981 1152 1021 Premizl.
1194 981 1262 1020 dei
1300 979 1453 1034 gracia
1483 979 1685 1019 Dominus
1718 979 1863 1032 Regni
1895 979 2074 1019 Boemie.

234 1058 334 1097 Dux
365 1054 536 1094 Austrie
569 1056 610 1091 et
641 1051 797 1102 Styrie.
839 1049 1117 1101 Mai-chioque
1139 1049 1334 1089 Moravie
1367 1048 1579 1087 vniuersis
1611 1047 1876 1098 presencium
1906 1047 2075 1098 inspec-

233 1125 391 1164 toribus
432 1121 519 1160 fieri
553 1120 736 1170 cupimus
768 1117 1038 1171 manifestum,
1080 1117 1189 1169 quod
1230 1128 1307 1156 nos
1341 1114 1560 1157 Ciuitatem
1599 1118 1780 1155 nostram
1811 1115 1853 1154 in
1887 1115 2074 1156 Olomuz.

236 1196 402 1244 propter
433 1190 692 1228 honestatem
726 1191 768 1226 et
799 1187 1159 1226 conuersationem
1191 1184 1453 1238 laudabilem,
1485 1184 1802 1222 inhabitatorum
1836 1183 1940 1236 eius,
1973 1193 2075 1234 quo-

234 1272 320 1299 rum
357 1258 518 1297 vtilitati
564 1259 604 1295 et
644 1255 852 1294 commodo
893 1254 1141 1293 intendimus
1180 1254 1397 1307 graciose,
1440 1250 1646 1303 prolicere
1688 1252 1919 1305 cupientes,
1958 1254 2000 1290 et
2035 1251 2075 1291 in

235 1327 418 1367 omnibus
452 1324 675 1377 emendari7
708 1323 995 1363 consensimus
1029 1326 1070 1362 et
1101 1322 1350 1374 admisimus,
1394 1320 1502 1372 quod
1535 1318 1750 1360 edificetur
1783 1319 1930 1359 ibidem
1965 1318 2075 1359 Tlte-

235 1398 381 1445 atrum,
421 1394 511 1432 siue
548 1392 696 1431 domus
735 1392 978 1430 communis.
1026 1401 1106 1442 que
1144 1391 1186 1429 in
1226 1389 1358 1443 vulgo
1393 1388 1617 1440 Chauflms
1656 1388 1816 1427 dicitur.
1856 1398 1931 1438 pro
1969 1387 2074 1427 bono

237 1463 399 1514 publico
440 1465 482 1501 et
523 1458 724 1511 profectu.
781 1459 1028 1499 Adicientes
1061 1470 1119 1497 ex
1152 1458 1403 1509 plenitudine
1437 1457 1589 1510 gracie
1622 1459 1664 1495 et
1694 1454 1866 1508 fauoris7
1899 1454 2006 1507 quod
2036 1455 2075 1494 in

236 1531 422 1582 predicta
454 1530 621 1568 ciuitate
655 1528 836 1567 nundine
868 1529 959 1567 siue
991 1525 1120 1566 sorum
1153 1526 1332 1565 annuale
1364 1526 1417 1564 sit
1449 1526 1489 1563 in
1522 1523 1629 1564 sesto
1662 1524 1776 1563 beati
1803 1523 1925 1576 Gaui,
1958 1523 2075 1562 annis

235 1599 414 1651 singulis
441 1599 481 1636 in
508 1596 696 1636 futurum.
729 1597 784 1635 ita
819 1595 927 1647 quod
960 1596 1180 1634 venientes
1213 1593 1265 1632 ad
1295 1593 1500 1632 nundinas
1533 1591 1801 1642 supradictas
1834 1593 1925 1630 siue
1949 1588 2074 1630 forum

237 1667 426 1705 annuale.
459 1676 533 1716 per
565 1676 646 1704 sex
678 1665 943 1714 septimanas.
976 1663 1139 1702 scilicet
1171 1673 1247 1712 per
1279 1661 1383 1700 duas
1416 1661 1667 1711 septimanas
1700 1661 1741 1698 in
1775 1658 1993 1698 veniendo.
2024 1655 2075 1696 ad

237 1733 378 1787 sorum,
411 1744 486 1784 per
519 1733 622 1772 duas
656 1735 906 1783 septimanas
939 1731 1087 1770 stando
1120 1731 1160 1769 in
1193 1727 1296 1768 foro.
1329 1739 1405 1780 per
1432 1728 1536 1768 duas
1561 1729 1813 1779 septimanas
1840 1725 2075 1766 recedendo

235 1814 260 1841 a
284 1801 387 1854 soro⁷
419 1803 509 1841 siue
542 1801 734 1840 nundinis
767 1800 1014 1839 annualibus
1046 1798 1309 1849 supradictis.
1342 1798 1424 1836 sint
1455 1797 1574 1836 liberi
1608 1800 1650 1835 et
1683 1796 1862 1846 exempti
1895 1794 1947 1833 ab
1973 1793 2075 1833 omni

237 1870 442 1909 theolonio
475 1870 566 1908 siue
599 1872 718 1908 muta.
761 1879 1014 1919 quocumque
1054 1868 1215 1906 nomine
1254 1868 1492 1919 censeatur,
1531 1864 1668 1903 addito
1711 1867 1752 1903 et
1785 1863 1948 1902 adiecto
1979 1862 2074 1901 lure

237 1939 368 1977 tocius
410 1937 612 1976 libertatis
655 1941 696 1976 et
729 1937 895 1990 gracie,
938 1935 1046 1987 quod
1086 1936 1248 1973 ratione
1291 1934 1561 1973 nundinarum
1605 1937 1646 1972 et
1684 1930 1762 1971 fori
1794 1931 1997 1984 annualis,
2035 1929 2076 1968 in

238 2007 406 2044 ciuitate
438 2009 581 2044 nostra
613 2006 784 2044 Brunna
818 2005 1046 2043 dinoscitur
1079 2004 1132 2043 ad
1164 2003 1242 2043 hec
1275 2006 1460 2053 tempora
1494 2002 1703 2055 viguisse.
1758 2001 1812 2040 Et
1845 2011 1897 2039 ne
1929 2000 1969 2038 in
2001 2009 2075 2049 po-

237 2077 391 2112 sterum
430 2073 539 2112 dicte
573 2074 726 2112 ciuitati
760 2076 903 2112 nostre
935 2073 976 2111 in
1010 2071 1191 2112 Olomuz.
1225 2075 1266 2110 et
1297 2071 1639 2110 inhabitatoribus
1668 2070 1758 2108 eius
1783 2069 1836 2108 de
1864 2066 2075 2118 premissis

239 2141 504 2193 ambiguitas,
537 2142 711 2194 questio7
744 2142 834 2180 siue
868 2140 1097 2190 calumpnia
1130 2140 1271 2179 valeat
1303 2139 1440 2190 aliqua
1472 2138 1664 2191 suboriri7
1707 2147 1885 2187 presens
1918 2136 2074 2174 instru-
2140 2146 2141 2153 ¹

239 2212 409 2247 mentum
442 2209 655 2248 valiturum
690 2212 903 2261 perpetuo⁷
942 2208 1173 2261 sigillorum
1213 2211 1394 2247 nostrum
1433 2207 1674 2260 insignitum
1707 2205 1943 2244 kat-actere.
1975 2201 2074 2253 ipsis

240 2275 326 2313 dari
360 2275 528 2315 fecimus
561 2278 611 2316 ad
640 2278 853 2317 cautelam.
898 2276 1097 2316 'restibus
1130 2277 1196 2327 qui
1230 2279 1326 2314 tunc
1359 2275 1534 2314 aderant
1566 2273 1809 2313 subnotatis.
1859 2270 1937 2319 Qui
1970 2270 2074 2309 sunt.

242 2343 462 2382 Nezamizl.
511 2344 795 2384 Olomucensis
827 2345 1122 2384 Purccrauius.
1163 2347 1205 2383 et
1242 2344 1453 2383 Pincerna
1493 2342 1701 2382 Moravie.
1743 2338 1958 2380 Hartlibus
1989 2335 2075 2378 Ca-

242 2410 440 2448 merarius
472 2411 679 2451 Mon-avie.
713 2413 870 2451 Bsnata
896 2410 1073 2462 Dapiser
1102 2412 1312 2452 Moravie.
1345 2412 1610 2450 Hermannus
1643 2408 1747 2448 filius
1780 2407 1992 2458 Zmylonis
2023 2403 2073 2443 de

244 2475 578 2517 Luchtenburch.
611 2480 823 2519 Ludzlaus
855 2480 1158 2530 phorestiarius
1191 2480 1397 2519 Moravie.
1430 2479 1549 2518 Pota.
1582 2478 1766 2517 zazlaus
1799 2476 1850 2515 de
1880 2471 2072 2514 Pencick.

245 2549 287 2580 et
327 2543 393 2581 alii
444 2556 560 2594 quam
602 2548 754 2596 plures.
804 2549 954 2588 Actum
993 2548 1101 2599 apud
1133 2548 1352 2602 Iglauiam.
1391 2548 1515 2587 Anno
1557 2546 1705 2585 domini
1745 2545 1805 2585 Μ.
1839 2541 1928 2585 CC.
1958 2539 2071 2581 LXI.
