2155 2928
911 181 973 221 61

833 356 1057 397 LXXXII.

27 461 292 501 Innocentius
322 473 433 513 papa
464 459 543 500 JV.
576 459 794 511 confirmat
822 457 1081 497 donationem
1116 456 1250 498 Ulrici
1281 456 1408 507 Niyri
1437 456 1689 494 monasterio
1723 454 1865 495 Cellae

71 541 105 569 s.
137 530 306 569 Mariae
336 529 512 568 Brunae
539 528 708 580 factam.
762 527 834 566 Dc.
866 525 1084 577 Luyduni,
1115 525 1203 564 III.
1234 525 1380 564 Nonas
1412 524 1627 574 danum-ti,
1668 522 1819 562 1246.

59 684 63 685 ⁷
198 620 478 680 Innocentius
523 639 745 688 episcopus
791 647 940 675 seruus
982 647 1196 674 seruorum
1235 635 1314 674 dei.
1377 634 1554 673 Dilectis
1605 634 1644 672 in
1694 631 1863 672 Cin-isto

31 705 190 746 filiabus
222 735 231 746 .
264 736 274 746 .
307 707 517 745 Priorisse
543 710 584 745 et
617 704 851 746 Conuentui
885 705 1120 743 monasterii
1153 703 1203 742 cle
1229 702 1346 743 Cella
1373 703 1572 741 castilalis
1605 703 1648 740 in
1681 703 1864 740 Brutina

29 775 185 814 ordinis
217 775 351 813 sancti
382 774 611 827 Augustini
640 773 925 812 olomucensis
958 772 1138 810 diocesis
1163 771 1334 810 salutem
1368 775 1409 809 et
1431 771 1696 821 apostolicam
1731 770 1864 807 bene-

29 843 259 882 dictionem.
323 840 424 882 Cum
456 854 480 880 a
513 841 630 880 nobis
671 841 819 891 petitur
858 840 963 891 quod
1004 841 1148 878 iustum
1188 842 1252 878 est
1292 843 1332 877 et
1364 839 1592 877 honestum.
1626 843 1704 876 tam
1739 838 1866 890 uigor

29 911 222 961 equitatis
256 920 372 960 quam
411 909 512 948 ordo
547 909 684 962 exigit
722 909 905 946 rationis.
944 911 988 946 ut
1027 907 1066 946 id
1108 919 1182 957 per
1221 907 1533 945 sollicitudinem
1574 904 1694 944 ollicii
1736 906 1865 943 nostri

29 978 82 1017 ad
115 978 289 1016 debitum
325 978 573 1028 perducatur
605 976 803 1016 ellectum.
866 977 1101 1026 Eapropter
1134 975 1283 1013 dilecte
1318 976 1356 1013 in
1392 973 1559 1014 Cin-isto
1600 973 1677 1012 filie
1710 974 1864 1012 uestris

29 1046 148 1085 iustis
173 1045 512 1096 postulationibus
534 1048 660 1097 grato
686 1048 984 1082 concurrentes
1011 1055 1202 1082 assensu.
1232 1054 1435 1093 personas
1463 1045 1630 1080 uestras
1658 1045 1698 1080 et
1723 1052 1866 1079 inona-

29 1115 197 1153 sterium
238 1113 289 1151 de
330 1111 448 1152 Cella
490 1113 692 1151 castitatis
732 1113 772 1150 in
811 1123 889 1162 quo
930 1111 1066 1150 diuino
1107 1112 1209 1150 estis
1249 1111 1448 1161 obsequio
1488 1110 1733 1158 mancipate.
1776 1120 1865 1147 cum

29 1182 215 1221 omnibus
247 1181 379 1219 bonis.
420 1190 499 1231 que
531 1180 882 1230 impresentiarum
924 1179 1224 1218 rationabiliter
1263 1178 1460 1228 possidet.
1501 1180 1571 1215 aut
1611 1177 1651 1214 in
1692 1175 1866 1214 futurum

29 1249 147 1288 iustis
186 1248 314 1287 modis
354 1251 566 1298 prestante
609 1247 766 1286 domino
809 1248 958 1297 poterit
997 1246 1183 1297 adipisci.
1224 1246 1300 1285 sub
1340 1247 1451 1285 beati
1491 1245 1606 1283 Petri
1647 1248 1689 1283 et
1721 1247 1866 1283 nostra.

31 1317 288 1368 protectione
320 1316 576 1366 suscipimus.
615 1315 853 1365 specialiter
886 1318 955 1354 aut
988 1314 1129 1353 domos
1166 1315 1315 1353 vineas
1348 1302 1488 1352 curtes
1522 1312 1791 1352 molendinum
1824 1312 1866 1351 in

31 1384 195 1424 ielnicli.
229 1388 271 1423 et
302 1384 380 1422 alia
405 1384 513 1422 bona
539 1383 685 1433 oppido
713 1383 949 1421 Brunnensi
977 1383 1221 1421 adiacentia.
1255 1393 1334 1433 que
1366 1382 1533 1424 Is'lricus
1567 1380 1701 1419 dictus
1732 1380 1867 1430 Niqer

30 1452 162 1492 laicus
200 1451 461 1491 Brunnensis
495 1450 778 1491 Olomucensis
811 1451 991 1490 diocesis
1024 1454 1144 1500 prout
1176 1451 1393 1501 spectabat
1435 1449 1485 1488 ad
1521 1460 1609 1488 eum
1643 1449 1707 1498 pia
1748 1448 1867 1486 uobis

33 1520 280 1558 liberalitate
321 1519 541 1558 concessit.
583 1522 701 1568 prout
740 1520 779 1557 in
811 1519 957 1558 litteris
997 1519 1091 1557 inde
1129 1517 1332 1557 confectis
1375 1517 1534 1567 plenius
1575 1516 1722 1554 dicitur
1761 1527 1865 1555 con-

31 1589 167 1627 tineri.
200 1588 306 1626 sicut
338 1587 404 1629 illa
438 1588 543 1628 iuste
576 1598 625 1629 ac
658 1585 829 1636 pacifice
852 1587 1087 1637 possidens.
1119 1587 1238 1625 uobis
1273 1591 1313 1624 et
1347 1597 1420 1636 per
1449 1597 1524 1626 uos
1558 1585 1688 1623 eidem
1722 1596 1866 1622 mona-

31 1656 160 1694 sterio
207 1655 453 1694 auctoritate
500 1655 726 1704 apostolica
773 1653 1053 1692 confirmamus
1102 1658 1143 1693 et
1188 1655 1395 1704 presentis
1445 1653 1586 1702 scripti
1635 1652 1865 1702 patrocinio

34 1725 333 1762 communimus.
395 1721 505 1760 Nulli
552 1733 660 1775 ergo
709 1723 867 1760 omnino
910 1722 1109 1760 hominum
1159 1722 1283 1760 liceat
1332 1722 1439 1760 hanc
1483 1721 1679 1773 paginam
1722 1725 1864 1759 nostre

34 1791 300 1842 protectionis
339 1793 380 1828 et
420 1789 735 1828 confirmationis
774 1788 1008 1843 infringere
1046 1790 1113 1828 uel
1159 1791 1197 1828 ei
1239 1801 1342 1828 ausu
1381 1790 1601 1827 temerario
1642 1789 1864 1827 contraire.

32 1858 79 1899 Si
112 1859 202 1909 quis
235 1861 369 1896 autem
401 1857 480 1896 hoc
512 1860 754 1907 attemptare
783 1858 1091 1908 presumpserit.
1125 1857 1449 1911 indignationem
1478 1857 1764 1907 omnipotentis
1798 1856 1865 1895 dei

33 1929 75 1965 et
105 1926 316 1965 beatorum
348 1925 462 1963 Petri
488 1928 529 1963 et
561 1925 677 1964 Pauli
703 1925 973 1975 apostolorum
1007 1929 1096 1964 eius
1129 1936 1177 1963 se
1209 1926 1369 1964 nouerit
1396 1927 1665 1963 incursurum.
1712 1924 1864 1966 Datum

31 1993 233 2048 Lugduni
264 1994 341 2033 ΙΙΙ.
373 1993 518 2032 Nonas
550 1994 744 2032 Ianuarii.
805 1992 1070 2032 Pontificatus
1103 1994 1232 2032 nostri
1265 2005 1372 2032 anno
1405 1993 1562 2037 Tertio.

338 2091 391 2123 Ex
415 2091 610 2132 originali
632 2092 663 2122 in
686 2091 819 2122 archivo
839 2090 916 2124 Soc.
939 2091 1022 2124 Jesu
1045 2092 1279 2128 Brunensis.

826 2257 1066 2297 LXXXIII.

203 2338 327 2399 Idem
366 2358 734 2411 „Breunouensem
774 2361 816 2398 et
848 2357 1176 2400 Cladi-ubensem
1215 2371 1250 2399 s.
1291 2359 1522 2414 Benedicti,
1563 2360 1863 2400 Pomucensem

33 2428 75 2466 et
104 2426 347 2465 Placensem
382 2424 680 2466 Ctsterciensis
714 2427 896 2466 ordinum
929 2428 1127 2467 abbates⁷'
1160 2428 1405 2468 exhortatur
1436 2428 1487 2467 ad
1522 2429 1700 2479 capitula
1741 2430 1861 2467 annis

33 2494 212 2548 singulis
244 2495 495 2534 celebranda
526 2495 565 2534 in
591 2495 775 2534 dioecesi
807 2496 1019 2550 Pragensi
1054 2500 1095 2535 et
1123 2496 1401 2549 olomucensi,
1435 2496 1486 2535 ad
1518 2496 1775 2536 tractandum
1808 2496 1861 2536 de

33 2560 320 2603 reformatione
366 2562 521 2603 ordinis
567 2566 609 2603 et
655 2564 923 2605 observantia
976 2565 1179 2618 regulari,
1220 2566 1341 2617 juxta
1388 2565 1701 2605 constitutiones
1748 2566 1861 2605 sacri
