2155 2928
967 124 1066 164 103

896 263 1123 306 CXXXV.

91 360 300 411 Pffemysa
333 358 522 399 marchio
546 359 781 410 Norat-iae,
814 359 1018 398 Heinrico
1050 357 1101 397 de
1123 357 1412 398 Lichvtenslein
1443 356 1492 397 ob
1515 357 1661 396 merita
1694 369 1773 397 sua
1805 357 1932 399 donat

91 427 287 480 oppidum
319 426 586 478 Mcolsbwy,
619 428 657 465 εἰ
695 426 939 465 wilhelmus
971 428 1011 465 et
1037 427 1309 466 Hei-mannus
1342 425 1393 464 de
1425 424 1672 465 Drnolzolec
1704 437 1780 464 suo
1811 427 1855 465 in
1886 426 1932 466 id

192 496 291 547 Jurz'
321 495 658 534 renuntiaverint.
719 495 792 534 Dt.
822 494 1012 545 anae,
1044 493 1218 534 XVIII.
1251 493 1353 533 Kal.
1386 492 1628 544 Februarii,
1668 493 1818 533 1249.

238 586 436 646 premisl
469 603 536 643 dei
567 604 720 657 gracia
750 603 1017 643 Illustrissimi
1048 602 1305 643 IVencezlai
1336 602 1608 642 Bohemorum
1636 603 1777 656 Regis
1810 601 1929 656 filius,

89 672 270 712 marchio
302 672 497 712 Morauie
530 672 714 711 omnibus
747 671 855 710 hanc
893 672 1091 725 paginam
1129 671 1379 722 inspecturis
1419 671 1461 710 in
1493 674 1747 722 perpetuum.
1810 669 1929 711 Cen-

90 750 227 779 semus
260 739 528 791 conueniens7
562 743 603 778 et
634 739 861 793 honestum,
893 743 937 778 ut
969 750 1122 792 eorum,
1155 739 1224 790 qui
1254 749 1303 778 se
1335 740 1449 778 circa
1480 740 1748 794 serenitatem
1781 738 1929 777 domini

90 810 132 846 et
163 808 293 857 patris
326 807 457 846 nostri
487 807 664 845 Illustris
704 807 844 860 Regis
877 806 1136 845 Ufe11cezlai
1176 809 1217 846 et
1247 810 1430 846 nostram
1471 807 1751 846 exhibuerunt
1783 806 1928 846 fideles

89 877 132 914 et
171 874 344 914 deuotos
386 885 745 925 recompensemus
794 875 975 913 seruicia
1014 873 1242 927 beneficiis,
1294 878 1335 913 et
1382 875 1534 927 gracia
1580 875 1799 928 singulari.
1862 874 1929 913 Ea

88 946 258 992 propter
297 942 447 980 deuota
480 945 521 980 et
553 940 688 980 fidelia
727 942 921 995 seruicia7
955 952 1034 992 que
1075 940 1206 981 fidelis
1245 946 1388 980 noster
1426 942 1493 980 vir
1531 942 1680 980 nobilis
1716 942 1928 981 Henricus

89 1008 141 1048 de
172 1008 464 1048 Lichtenstein
498 1008 655 1048 domino
689 1012 729 1049 et
761 1010 869 1059 patri
900 1012 1043 1047 nostro
1085 1020 1136 1047 ac
1168 1009 1289 1048 nobis
1323 1009 1523 1062 exhibuit,
1564 1009 1682 1048 oculo
1714 1009 1928 1062 largitatis

87 1076 311 1129 intuentes7
345 1087 433 1115 cum
466 1076 711 1130 dignitatem
742 1080 925 1116 nostram
958 1076 1066 1115 dona
1107 1088 1184 1115 sua
1216 1076 1367 1115 deceat
1398 1087 1588 1127 promere
1620 1075 1843 1129 magnifice
1876 1087 1928 1115 ac

86 1143 296 1196 habunde,
329 1144 464 1183 villam
494 1175 510 1182 -
532 1144 753 1195 '‘idaspem-,q
777 1156 866 1183 cum
899 1144 1028 1194 ipsius
1061 1145 1298 1183 attinenciis
1331 1145 1372 1183 in
1406 1145 1697 1194 proprietatem
1730 1143 1929 1184 donamus

87 1211 141 1251 ab
174 1222 224 1250 eo
258 1216 299 1250 et
331 1211 557 1250 heredibus
589 1213 676 1250 suis
716 1213 821 1251 omni
855 1216 1050 1251 cessante
1083 1212 1380 1265 impedimento3
1423 1212 1555 1251 donec
1587 1211 1842 1251 XVilhelmus
1875 1211 1928 1250 de

87 1279 305 1330 Dyrnholz
338 1291 427 1318 cum
466 1278 596 1318 fratre
629 1291 704 1318 suo
742 1280 980 1318 Hermanno
1020 1279 1152 1319 eidem
1193 1280 1290 1318 ville
1330 1280 1564 1319 voluntarie
1603 1279 1928 1333 renunciauerit‚

87 1345 290 1398 prefatum
328 1347 553 1385 Henricum
593 1350 634 1386 et
674 1347 855 1386 heredes
897 1358 996 1386 suos
1041 1359 1115 1397 pro
1154 1348 1247 1398 ipsa
1286 1347 1485 1398 deinceps
1524 1359 1606 1386 non
1644 1346 1926 1401 impediturus,

86 1417 288 1465 perpetuo
316 1414 621 1465 possidendam.
667 1415 723 1454 Et
746 1418 789 1454 ut
820 1415 899 1454 hec
924 1415 1096 1465 prouida
1121 1420 1263 1454 nostra
1288 1416 1509 1454 nobilitatis
1536 1415 1710 1454 donacio
1740 1413 1926 1454 effectum

87 1485 367 1533 consequatur
399 1482 647 1532 pleniorem:
680 1482 907 1536 statuimus,
935 1481 1159 1522 firmissime
1192 1484 1488 1536 precipientes,
1520 1494 1574 1522 ne
1599 1483 1690 1534 quis
1722 1483 1851 1533 ipsum
1885 1484 1928 1523 et

87 1549 268 1589 heredes
301 1561 401 1588 suos
434 1551 474 1588 in
506 1550 585 1588 iam
609 1549 718 1588 dicta
749 1550 846 1588 villa
874 1550 926 1589 de
958 1555 1101 1590 cetero
1134 1551 1331 1601 impedire
1359 1551 1524 1604 debeat,
1557 1562 1634 1590 seu
1660 1561 1925 1604 aggi-auare.

85 1615 144 1658 Ut
173 1619 308 1656 autem
340 1627 406 1669 ea7
446 1627 525 1667 que
558 1617 818 1670 predicimus,
858 1618 965 1668 apud
999 1622 1191 1668 posteros
1229 1622 1429 1669 perpetuo
1470 1622 1562 1657 rata
1602 1622 1643 1658 et
1674 1619 1927 1657 inconcussa

86 1688 369 1737 permaneant,
408 1688 644 1734 presentem
686 1686 884 1738 paginam
925 1686 1053 1738 sigilli
1092 1687 1223 1724 nostri
1261 1687 1475 1725 munimine
1513 1684 1685 1725 fecimus
1724 1686 1926 1725 roborari.

85 1751 196 1791 Acta
228 1751 308 1791 hec
339 1756 435 1791 sunt
472 1752 513 1790 in
545 1752 716 1790 Brunua
748 1752 1013 1802 presentibus
1045 1753 1110 1791 his
1143 1753 1341 1792 testibus:
1383 1753 1557 1792 Domino
1597 1753 1793 1792 Brunone
1833 1753 1925 1803 epi-

86 1830 214 1869 scopo
248 1819 523 1872 olomuzeusi,
565 1817 724 1859 Comite
767 1819 948 1859 Otthone
988 1820 1039 1859 de
1079 1820 1267 1873 Plawen,
1309 1821 1515 1860 Hawlone
1556 1820 1607 1860 de
1638 1820 1924 1874 Lewenberk,

86 1886 270 1927 Sdezlao
303 1887 354 1925 de
386 1886 635 1926 Sternberk.
696 1886 799 1925 Item
839 1887 1057 1926 Nobilibus
1097 1889 1252 1926 nostris
1292 1887 1345 1926 de
1379 1888 1586 1927 Morauia.
1625 1888 1836 1928 Witkone
1870 1888 1922 1928 de

84 1953 283 2007 Krawar⁷
307 1954 498 1993 Hadoldo
524 1952 667 2007 fratre⁷
699 1953 904 2007 Voyslao7
930 1955 1133 1994 Hartlebo
1167 1959 1208 1995 et
1232 1956 1416 1995 Ienzone
1441 1954 1651 2009 fratribus,
1683 1957 1923 1996 Hermanno

86 2020 139 2060 de
179 2021 341 2074 Ninia,
379 2021 571 2060 Hincone
611 2021 662 2060 de
705 2022 914 2075 Ieromirz,
960 2022 1188 2062 IVilhelmo
1230 2023 1282 2063 de
1320 2024 1577 2078 Uztopesch,
1626 2022 1838 2064 Ceiczone
1881 2026 1924 2064 et

85 2087 269 2129 Sdezlao
301 2087 510 2128 fratribus.
571 2088 791 2128 Nobilibus
824 2100 925 2128 vero
966 2089 1017 2128 de
1048 2090 1244 2130 Austria:
1283 2091 1486 2146 Pilgrimo
1525 2092 1577 2131 de
1616 2091 1921 2146 Schwarzeno,

83 2155 300 2196 Friderico
347 2156 400 2196 de
440 2154 660 2209 Gerlonhs„
709 2159 750 2195 et
796 2155 925 2197 fratre
970 2169 1045 2197 suo
1091 2156 1302 2213 Conrado⁷
1350 2160 1597 2213 Albertone7
1644 2160 1831 2199 Hem-ico
1879 2163 1923 2201 et

84 2223 327 2263 Diethmaro
367 2222 563 2263 fratribus
604 2223 657 2263 de
701 2224 1003 2278 Boumgarten,
1051 2230 1093 2266 et
1140 2238 1259 2278 quam
1298 2227 1482 2278 pluribus
1522 2228 1626 2267 aliis.
1690 2228 1841 2267 Datum
1878 2228 1921 2267 in

84 2290 258 2330 Brunna
288 2302 365 2342 per
395 2304 554 2331 manum
584 2292 786 2346 Magistri
817 2293 1036 2333 wilhelmi
1067 2295 1182 2334 curie
1215 2299 1358 2336 nostre
1390 2296 1553 2335 notarii.
1600 2296 1724 2335 Anno
1756 2295 1921 2335 Domini

84 2356 465 2399 MCCXXXXIX.
496 2359 659 2399 XVIII.
691 2360 908 2400 Kalendas
941 2362 1174 2402 Februarii.

390 2457 552 2488 Dobner
579 2476 620 2481 —
647 2457 901 2491 Monumenta
922 2459 980 2492 IV.
1003 2457 1094 2492 262.
1123 2469 1164 2492 ex
1187 2461 1420 2504 apographo
1444 2460 1569 2494 archivi
1590 2460 1703 2493 domus
1726 2461 1920 2494 Lichten-

491 2508 678 2540 steiniae.
