2155 2928
940 175 1043 216 217

69 333 167 363 usus
199 320 403 371 1110111108,
436 317 719 368 respondeant
752 317 924 368 principi
958 317 1182 356 secundum
1218 317 1280 355 ius
1311 319 1439 355 terre.
1494 314 1611 363 Quod
1647 316 1681 354 si
1715 316 1909 366 temporis

69 400 270 442 processu
314 397 389 437 per
428 386 585 425 illorum
626 386 772 424 bonam
812 386 1085 438 voluntatem,
1128 386 1194 436 qui
1235 395 1310 423 eas
1361 386 1551 422 emerant
1595 384 1824 436 contigerit
1868 387 1914 422 vt

71 457 250 498 ecclesie
282 455 558 507 assignentur
591 453 851 492 decreuimus
884 464 958 492 eas
991 454 1213 492 subiacere
1246 450 1406 503 prefate
1435 451 1629 503 libertati,
1663 455 1703 489 et
1728 451 1913 489 volumus

69 529 112 565 ut
142 523 322 563 00010813
355 523 395 560 10
428 523 607 572 1118310111
642 521 832 574 gaudeat
866 521 1085 571 tranquilla
1123 522 1408 571 possessione.
1466 520 1684 559 Habentes
1717 525 1914 569 preterea

71 594 110 632 in
151 592 281 631 anime
322 594 465 628 nostre
499 588 724 641 desiderio,
756 588 806 627 ad
842 589 1001 639 plenum
1039 589 1258 627 ecclesiam
1295 588 1383 641 dei,
1418 599 1442 626 a
1476 599 1556 639 quo
1599 591 1641 626 et
1679 598 1754 637 per
1795 597 1913 637 quem

72 660 188 700 1101118
228 658 426 697 Vniuersa
467 657 757 707 prosperitatis
797 660 963 695 manant
1001 657 1223 709 commoda,
1264 656 1317 694 ab
1357 655 1667 706 inpetitionibus
1707 654 1915 707 indebitis,

73 728 354 778 exhonerare,
402 728 444 763 et
483 725 578 775 paci
627 725 919 762 canonicorum
963 725 1206 776 prouidere,
1246 723 1354 761 hanc
1394 723 1626 761 libertatem
1665 723 1767 773 ipsis
1811 733 1915 760 con-

73 794 256 835 cedendo
288 793 516 844 statuimus,
555 796 597 830 ut
632 792 766 829 nullus
799 794 1115 830 camerariorum
1155 791 1222 830 uel
1253 791 1525 842 quorumlibet
1562 791 1802 829 nunciorum
1841 800 1916 840 per

72 861 280 903 beneficos
311 861 643 900 transmissorum
677 859 830 898 audeat
864 860 984 898 villas
1024 861 1315 898 canonicorum
1348 863 1389 896 et
1421 858 1604 897 ecclesie
1637 859 1821 911 ingredi,
1863 858 1915 897 ad

72 931 258 971 iudicium
291 928 530 969 0000301108
564 928 743 978 ipsorum
777 927 975 980 homines,
1009 938 1085 966 seu
1119 939 1190 978 pro
1217 927 1352 977 aliqua
1386 926 1506 976 culpa
1539 926 1800 979 grauandos,
1834 938 1916 965 1100

74 999 177 1038 enim
207 997 392 1036 volumus
425 996 640 1034 admittere
673 1000 716 1034 ut
749 995 891 1034 domus
925 1006 1146 1045 pauperum
1180 996 1358 1044 ipsorum
1392 994 1689 1044 preuideantur
1722 1006 1746 1033 3
1772 1005 1913 1032 came-

73 1066 205 1106 rariis,
242 1065 311 1104 uel
349 1077 374 1104 a
416 1063 666 1115 quibuslibet
708 1074 782 1114 per
815 1063 987 1102 iudicem
1028 1074 1106 1101 seu
1145 1061 1459 1115 beneficiarios,
1500 1074 1524 1101 a
1565 1065 1703 1101 castro
1745 1062 1795 1100 ad
1837 1063 1916 1100 1100

75 1134 290 1184 11011013118.
322 1132 410 1174 Sed
443 1133 477 1170 si
512 1143 568 1171 ex
602 1136 753 1170 euentu
786 1132 1014 1184 contigerit
1040 1142 1178 1169 coram
1211 1131 1374 1182 iudicio,
1401 1134 1443 1168 ut
1469 1134 1735 1183 accusentur,
1763 1131 1916 1168 decre-

74 1203 215 1255 nimus,
247 1206 290 1241 ut
321 1201 373 1239 ad
407 1201 589 1239 dominos
623 1201 802 1250 ipsorum
835 1200 1042 1237 mittantur
1075 1197 1250 1237 benefici
1284 1199 1474 1249 quatinus
1508 1208 1583 1247 per
1623 1208 1697 1236 eos
1737 1198 1914 1236 citentnr

75 1272 140 1322 qui
173 1268 324 1308 fuerint
356 1270 557 1321 accusati,
591 1273 632 1307 et
665 1268 814 1308 iudicio
848 1268 1050 1306 assistant
1082 1272 1264 1317 tempore
1307 1270 1347 1305 et
1387 1266 1478 1304 1000
1520 1265 1803 1317 110101111111310,
1843 1277 1918 1316 per

75 1338 245 1378 iudicem
269 1337 336 1376 uel
360 1335 572 1375 beneficos
598 1347 726 1386 super
751 1336 828 1374 sibi
854 1336 1028 1374 obiectis
1062 1335 1316 1385 responsuri.
1351 1335 1396 1372 Ιο
1423 1338 1606 1383 promptu
1631 1339 1764 1372 autem
1789 1345 1918 1372 causa

77 1411 141 1445 est
172 1416 300 1456 quare
331 1405 553 1443 uiolentias
587 1404 814 1442 huiusmodi
848 1402 936 1442 fieri
971 1402 1246 1454 prohibemus,
1282 1403 1374 1452 quia
1410 1403 1499 1440 81110
1535 1402 1658 1453 graui
1692 1413 1918 1450 pauperum

76 1473 232 1513 lesione
278 1474 474 1511 exerceri
522 1485 601 1511 non
643 1476 837 1524 possunt,
880 1475 921 1510 et
960 1472 1158 1521 precipue
1199 1482 1286 1508 cum
1329 1470 1456 1508 omnis
1496 1469 1678 1507 venditio
1717 1468 1918 1507 hominum

78 1542 257 1581 ecclesie
303 1540 354 1580 ad
402 1542 640 1591 episcopum
692 1541 917 1592 pertineat,
959 1546 1000 1578 et
1039 1539 1327 1577 canonicorum
1368 1541 1557 1575 transeat
1597 1536 1835 1589 vtilitatem,
1878 1540 1920 1575 et

77 1610 199 1648 nichil
243 1610 362 1648 nobis
408 1609 606 1648 commodi
652 1610 852 1661 inportet,
898 1608 966 1646 uel
1008 1605 1207 1646 1100011018
1250 1610 1412 1659 augeat
1458 1604 1608 1656 aliquid
1650 1604 1918 1644 emolumenti.

79 1676 271 1718 Ceterum
319 1678 412 1728 quia
453 1675 677 1730 beneficia,
719 1677 903 1715 assecuti
943 1687 1019 1726 per
1067 1676 1293 1725 principem
1336 1674 1496 1712 nouiter
1538 1673 1604 1711 uel
1647 1683 1703 1710 ex
1752 1673 1919 1723 antiquo

79 1745 181 1783 soliti
215 1749 310 1783 80111
341 1746 642 1795 interrumpere
675 1745 871 1783 decimam
913 1743 1188 1794 episcopalem
1222 1743 1510 1794 septimanam,
1543 1745 1584 1779 et
1625 1742 1919 1779 canonicorum

79 1813 343 1869 detrahentes
377 1813 538 1851 vtilitati
573 1813 792 1852 ecclesiam
828 1810 1106 1863 damnificant,
1150 1812 1189 1849 10
1223 1810 1445 1860 periculum
1479 1810 1698 1848 animarum
1738 1820 1919 1861 suarum,

80 1881 144 1920 ius
190 1881 388 1920 decimale
434 1881 697 1932 inpedientes
744 1879 910 1919 firmiter
961 1880 1070 1918 hanc
1110 1879 1345 1917 violentiam
1393 1876 1483 1915 fieri
1534 1877 1790 1929 inhibentes,
1845 1888 1921 1927 per

80 1949 239 1988 nobiles
272 1954 435 1989 nostros
469 1950 698 2001 statuimus,
731 1954 775 1988 vt
807 1949 993 2000 quisquis
1025 1947 1133 1986 hanc
1166 1945 1314 1985 fecerit
1347 1945 1579 1984 violentiam
1613 1945 1795 1983 ecclesie
1828 1947 1920 1983 sine

81 2020 221 2056 nostra
260 2016 417 2056 offensa
466 2018 757 2056 ecclesiastice
804 2017 1023 2055 subiaceat
1067 2015 1208 2054 vltioni
1257 2025 1374 2064 quam
1415 2014 1576 2065 meruit,
1616 2023 1695 2051 nec
1736 2012 1921 2051 dedecus

83 2085 186 2136 quod
219 2085 390 2124 incurrit
421 2085 575 2124 audeat
607 2096 745 2124 0013111
777 2084 896 2123 1101118
931 2095 1005 2134 per
1038 2085 1198 2122 inanem
1226 2082 1515 2132 querimoniam
1550 2080 1808 2133 propulsare,
1844 2080 1919 2119 sed

82 2154 188 2192 sciat
218 2164 266 2192 se
297 2158 489 2205 tanquam
524 2154 653 2192 nostri
687 2158 988 2206 transgressor
1020 2150 1217 2201 mandati,
1253 2149 1490 2199 priuandum
1524 2146 1714 2187 beneficii
1748 2148 1921 2200 honore,

82 2221 160 2260 nisi
191 2219 358 2261 festinet
390 2222 577 2261 delictum
611 2233 727 2260 suum
759 2221 981 2272 corrigere
1015 2219 1144 2271 digna
1178 2215 1464 2255 satisfactione
1492 2228 1563 2266 pro
1597 2227 1647 2254 ea
1682 2227 1799 2266 quam
1825 2214 1924 2254 secit

83 2289 263 2328 ecclesie
301 2291 428 2343 graui
473 2290 646 2329 lesione.
720 2290 888 2327 Demum
930 2289 1024 2337 quia
1066 2287 1127 2324 ius
1167 2297 1280 2324 suum
1323 2285 1539 2334 indempne
1580 2284 1752 2322 libertas
1796 2284 1922 2322 debet

84 2366 244 2407 semper
277 2358 479 2411 optinere,
513 2362 554 2396 et
578 2357 726 2396 nullum
754 2356 898 2394 bonum
926 2358 991 2392 est
1017 2355 1353 2392 irremuneratum
1378 2359 1475 2402 aput
1498 2352 1630 2403 deum,
1656 2351 1922 2390 intendentes

84 2434 246 2476 augere
278 2424 503 2475 profectum
538 2426 720 2464 ecclesie
755 2423 1055 2473 olomucensis,
1084 2425 1123 2460 01
1149 2426 1291 2459 nostre
1317 2421 1526 2473 largitatis
1554 2417 1766 2458 beneficiis
1793 2420 1923 2469 ipsam

87 2491 323 2545 sublimare,
366 2494 501 2532 villam
548 2493 710 2532 nomine
749 2490 918 2540 Ratlmy
959 2501 1074 2539 quam
1123 2489 1307 2527 (lominus
1357 2489 1579 2538 episcopus
1619 2487 1830 2526 Robertus
1871 2486 1922 2525 de

86 2557 250 2599 licentia
282 2563 348 2600 aui
382 2562 511 2600 nostri
544 2560 740 2600 Premizl
771 2558 894 2597 incliti
929 2558 1049 2611 regis
1084 2557 1353 2596 Bohemorum
1387 2560 1559 2607 emptam
1593 2555 1776 2595 ecclesie
1817 2566 1922 2594 con-

1649 2623 1717 2663 28
