2155 2928
923 185 991 227 87

35 327 270 381 preuenire,
309 337 361 367 ac
393 329 628 366 eternorum
666 326 810 366 intuitu
841 327 1048 366 seminare
1086 327 1126 366 in
1159 327 1285 366 terris
1324 326 1430 378 quod
1472 327 1675 367 reddente
1715 328 1874 369 domino

36 405 123 434 cum
155 395 417 446 multiplicato
445 393 578 433 fructu
610 394 816 448 colligere
843 395 1068 434 debeamus
1098 396 1138 434 in
1163 395 1266 434 celis
1291 393 1442 434 firmam
1466 406 1580 445 spem
1606 394 1874 448 fiduciamque

36 465 240 516 tenentes,
279 464 481 515 quoniam,
522 463 588 513 qui
632 473 759 512 parce
792 463 980 516 seminat,
1020 474 1146 513 parce
1180 467 1221 502 et
1260 466 1399 516 metet,
1439 467 1481 502 et
1522 464 1588 514 qui
1627 465 1802 503 seminat
1835 466 1875 503 in

11 554 13 563 ‹
35 530 406 583 benedictionibus,
432 531 483 569 de
505 530 863 569 benedictionibus
886 534 927 569 et
950 534 1074 570 metet
1100 533 1221 570 vitam
1238 535 1436 570 eternam.
1480 530 1582 570 Cum
1600 542 1710 585 ergo
1729 531 1875 570 (Ionius

12 611 13 639 3
32 598 214 650 fratrum
246 598 409 637 ordinis
433 597 743 649 predicatorum
770 598 884 650 apud
905 599 1098 638 Brunam
1127 601 1288 638 nouiter
1317 600 1373 638 sit
1394 599 1587 652 fundata,
1612 611 1689 639 nec
1714 600 1875 651 absque

11 651 14 702 l
36 663 210 705 fidelium
228 666 773 719 adiutorio,presertimcum
793 667 894 716 ipsis
911 665 1106 706 fratribus
1127 669 1291 718 proprie
1310 666 1529 707 facultates
1545 679 1626 706 non
1640 672 1875 721 suppetant,

12 733 180 772 *valeat
218 735 509 773 consummari:
548 735 859 773 uniuersitatem
902 737 1086 774 vestram
1124 746 1337 788 rogamus,
1379 747 1588 774 monemus
1628 737 1669 775 in
1713 735 1873 774 domino

12 803 232 858 1attentius
265 806 307 841 et
344 802 565 854 hortamur,
598 802 638 840 in
677 803 959 841 remissionem
998 807 1231 842 vestrorum
1270 804 1546 853 peccaminum
1589 805 1875 858 iniungenteS,

12 888 14 912 ι
37 872 242 920 quatenus
269 869 320 908 de
347 870 466 910 bonis
490 870 611 908 vobis
636 882 660 908 a
686 870 763 908 deo
789 870 951 908 collatis
978 871 1017 908 in
1043 871 1227 910 eiusdem
1255 871 1396 910 domus
1421 872 1649 911 subsidium
1671 872 1876 911 studeatis

14 937 128 987 2pias
161 937 378 976 charitatis
412 937 688 976 eleemosinas
721 948 922 991 erogare,
963 942 1005 977 ut
1039 949 1112 989 per
1144 938 1222 977 hec
1256 943 1298 978 et
1329 940 1411 978 alia
1447 940 1570 993 bona,
1605 951 1684 991 que
1718 940 1877 979 domino

13 1002 226 1051 ,feceritis
258 1006 489 1055 inspirante
522 1006 563 1044 in
596 1010 741 1044 eterna
775 1007 1025 1056 recipiamini
1057 1007 1329 1046 tabernacula
1360 1009 1536 1046 messuri
1570 1009 1804 1059 centuplum
1837 1011 1879 1047 et

14 1090 15 1126 i
36 1073 161 1110 vitam
186 1077 425 1123 perpetuam
450 1075 701 1124 possessuri.
748 1074 841 1112 Hoc
870 1075 989 1113 etiam
1013 1075 1291 1128 attendentes,
1316 1076 1423 1126 quod
1446 1076 1656 1126 particeps
1678 1076 1877 1115 bonorum

14 1139 222 1194 lefficitur,
257 1142 322 1192 qui
355 1152 403 1180 se
435 1142 489 1192 pii
522 1143 662 1192 operis
701 1143 842 1180 statuit
873 1142 1113 1195 adiutorem,
1152 1142 1204 1181 de
1238 1143 1525 1193 omnipotentis
1558 1142 1625 1182 dei
1658 1143 1876 1182 clementia

14 1211 78 1247 *et
109 1213 344 1248 sanctorum
378 1209 553 1248 Ruberti
592 1212 633 1248 et
664 1210 836 1263 Virgilii
876 1215 1137 1260 patronorum
1181 1215 1411 1250 nostrorum
1451 1212 1699 1250 auctoritate
1733 1209 1878 1250 confisi

37 1277 237 1329 omnibuS,
271 1278 337 1327 qui
371 1277 422 1315 de
454 1278 541 1315 suis
573 1275 837 1316 facultatibus
870 1276 1032 1328 prefate
1066 1279 1198 1317 domui
1232 1279 1397 1329 aliquod
1430 1279 1702 1329 impenderint
1733 1279 1875 1317 subsi-

37 1343 142 1382 dium
175 1344 406 1397 charitatiS,
439 1346 474 1383 si
501 1356 602 1384 vere
634 1346 794 1384 contriti
819 1344 969 1385 suerint
1001 1350 1042 1385 et
1066 1345 1264 1399 confessi,
1298 1347 1451 1400 viginti
1474 1347 1564 1385 dies
1597 1347 1877 1400 criminalium,

16 1416 79 1451 ¹et
117 1412 259 1451 decem
300 1414 517 1452 venialium
558 1414 610 1452 de
649 1415 829 1454 iniuncta
875 1415 954 1453 sibi
998 1415 1221 1464 penitentia
1262 1415 1588 1454 misericorditer
1625 1415 1876 1455 relaxamus.

15 1479 187 1539 {Datum
221 1481 361 1520 Brune
393 1493 501 1520 anno
536 1482 683 1521 domini
717 1482 776 1523 M.
810 1481 899 1523 CC.
933 1483 1134 1521 XLVIII.

343 1570 397 1602 Ex
420 1571 624 1602 analectis
648 1570 756 1605 MSS.
781 1573 966 1604 monasterii
989 1572 1316 1613 Rayhradensis.

872 1700 1031 1742 CXXI.

18 1792 302 1831 *Innocentius
327 1805 438 1844 papa
466 1794 491 1832 1
500 1794 545 1833 V.
571 1795 873 1846 Ratisponensz·
897 1797 936 1833 et
956 1796 1166 1833 Jlisnensz·
1190 1795 1398 1846 episcopis
1425 1794 1607 1846 mandat,
1633 1797 1679 1834 ut
1701 1794 1878 1833 barones

18 1861 76 1898 *el
102 1859 260 1899 nobiles
291 1861 506 1911 Boe'miae,
540 1863 609 1912 qui
633 1865 777 1900 contra
808 1874 948 1912 reqem
970 1875 1089 1901 suum
1122 1864 1320 1901 assistere
1349 1865 1622 1914 praesumant
1650 1862 1878 1901 Friderico

38 1927 242 1977 quondam
269 1929 523 1980 imperatori,
557 1929 615 1967 ad
644 1928 881 1980 obsequium
905 1931 1019 1980 reglis
1051 1931 1118 1969 sui
1149 1934 1187 1969 et
1209 1931 1411 1969 ecclesiae
1441 1930 1643 1970 reducere
1674 1930 1877 1970 studeant·

474 1997 546 2036 Dc.
578 1997 796 2047 Luyduni,
829 1997 916 2036 ΙΙΙ.
948 1998 1094 2038 Nonas
1127 1999 1250 2050 Maji,
1289 1997 1439 2038 1248.

206 2065 485 2126 Innocentius
518 2086 740 2136 episcopus
773 2096 922 2124 seruus
955 2096 1170 2125 seruorum
1201 2086 1281 2125 dei.
1329 2086 1656 2126 Venerabilibus
1680 2084 1877 2125 fratribus

20 2167 48 2190 ¹.
80 2180 90 2190 .
129 2151 427 2202 Ratisponensi
465 2156 507 2192 et
545 2181 555 2190 .
597 2181 607 2192 .
646 2154 853 2192 Misnensi
895 2154 1104 2205 episcopis
1143 2155 1315 2194 salutem
1354 2157 1396 2194 et
1434 2155 1701 2205 apostolicam
1741 2154 1877 2193 bene-

21 2219 266 2268 idictionem.
328 2219 608 2273 Significante
648 2223 861 2260 carissimo
894 2222 935 2261 in
976 2220 1144 2262 Christo
1177 2221 1256 2262 filio
1289 2226 1432 2262 nostro
1465 2251 1476 2262 .
1518 2252 1528 2262 .
1561 2223 1706 2262 illustri
1749 2224 1877 2276 Rege

21 2287 208 2333 ÷Boemie
239 2287 358 2326 nobis
391 2289 575 2341 innotuit,
610 2290 717 2340 quod
743 2301 832 2328 cum
864 2291 952 2340 ipse
977 2302 1051 2340 pro
1085 2290 1315 2329 deuotionis
1347 2290 1516 2330 feruore
1549 2303 1600 2330 ac
1634 2289 1727 2329 fidei
1761 2292 1876 2341 puri-

22 2348 135 2406 itate,
170 2365 286 2404 quam
319 2355 371 2393 ad
414 2367 490 2394 nos
523 2360 564 2395 et
602 2357 719 2395 Rom.
753 2358 975 2397 ecclesiam
1015 2359 1174 2397 habere
1208 2359 1447 2412 dinoscitur,
1489 2359 1535 2398 F.
1569 2359 1768 2410 quondam
1802 2360 1877 2397 im-

22 2418 217 2471 lperatori
257 2424 430 2474 eiusque
467 2422 696 2463 fautoribus
736 2436 783 2464 se
824 2429 1014 2475 potenter
1053 2428 1292 2477 opposuerit
1332 2431 1372 2466 et
1405 2430 1581 2477 opponat
1621 2439 1693 2478 pro
1727 2425 1877 2466 desen-

22 2488 171 2531 .denda
204 2490 495 2530 ecclesiastica
526 2492 731 2545 libertate,
765 2497 807 2532 at
841 2494 1021 2539 nonnulli
1053 2494 1236 2533 barones
1269 2498 1311 2534 et
1343 2495 1504 2534 nobiles
1536 2496 1663 2548 regni
1697 2496 1774 2548 sui,
1809 2496 1876 2546 qui

22 2560 180 2596 *contra
213 2558 386 2598 eundem
423 2558 471 2598 F.
502 2560 690 2612 aliosque
729 2561 913 2601 inimicos
946 2562 1129 2602 ecclesie
1170 2567 1420 2614 receperant
1452 2565 1621 2618 signum
1662 2565 1802 2603 crucis
1836 2565 1874 2604 in
