2155 2928
892 190 960 230 49

13 332 311 387 olomucensis,
342 332 515 372 salutem
547 334 589 372 et
613 331 882 383 apostolicam
912 330 1256 370 benedictionem.
1302 329 1372 368 Ex
1402 330 1524 378 parte
1556 331 1701 366 vestra
1734 327 1854 366 nobis

13 403 170 442 exstitit
201 401 402 441 humiliter
432 400 716 454 supplicatum,
748 399 855 451 quod
889 411 978 439 cum
1010 410 1087 439 vos
1120 410 1194 449 pro
1221 397 1438 437 electionis
1471 397 1662 449 negotio⁷
1697 406 1778 446 que
1811 397 1853 435 iu

13 470 273 511 olomucensi
305 469 488 508 ecclesia
521 468 573 507 de
606 468 755 507 dilecto
789 466 867 506 filio
902 467 1124 508 Guillelmo
1157 466 1316 506 exstitit
1348 465 1579 517 celebrata,
1613 463 1666 502 ad
1698 463 1853 503 Sedem

12 537 280 588 apostolicam
311 537 532 575 venientes
567 539 608 575 et
638 548 789 575 moram
821 536 969 574 ibidem
995 535 1188 574 diutinam
1220 533 1528 585 protrahentes7
1563 531 1717 585 grauia
1751 531 1854 569 sub-

12 606 142 644 ieritis
183 615 312 643 onera
352 615 643 657 expensarum,
691 605 748 642 ita
790 607 833 643 ut
880 604 1040 642 omnino
1089 603 1210 642 vobis
1259 600 1491 641 defecerint
1530 602 1607 639 iam
1648 610 1854 650 expense.

15 673 236 724 prouidere
269 672 391 711 vobis
424 683 552 722 super
583 672 676 726 hoc,
708 682 762 710 ne
794 684 868 722 pro
895 672 1225 710 necessariorum
1258 668 1421 709 defectu
1456 669 1683 720 predictum
1716 679 1854 706 rema-

13 744 112 780 neat
144 741 357 793 negotium
388 740 652 792 inexpletum,
685 743 862 790 paterna
893 739 1168 778 sollicitudine
1201 750 1455 778 curaremus.
1520 737 1689 775 Vestris
1723 737 1855 789 igitur

13 808 209 858 precibus
241 808 436 859 inclinati,
476 807 597 846 vobis
629 819 704 857 pro
746 808 945 857 expensis
977 809 1234 846 necessariis
1273 805 1477 845 faciendis
1519 805 1568 844 ad
1605 815 1854 855 promouen-

14 875 106 915 dum
147 875 294 914 dictum
337 876 550 929 negotium
592 875 864 913 contrahendi
902 883 1076 914 mutuum
1117 887 1244 926 super
1282 875 1402 913 bonis
1443 873 1627 913 eiusdem
1669 873 1853 912 ecclesie

13 953 147 995 usque
180 943 233 981 ad
272 955 462 982 summam
496 943 896 995 quadringentarum
937 947 978 982 et
1010 944 1238 996 sexaginta
1278 954 1506 981 marcarum
1540 942 1853 994 sterlingorum7

14 1022 64 1050 ac
105 1011 321 1063 obligandi
361 1016 530 1062 propter
576 1011 654 1049 hoc
701 1011 808 1050 bona
848 1011 1036 1060 predicta
1084 1011 1255 1049 liberam
1303 1010 1566 1048 concedimus
1606 1010 1853 1048 auctoritate

16 1080 266 1129 presentium
298 1077 545 1118 facultatem.
577 1078 675 1118 Dat.
707 1078 908 1132 Lugduni
934 1080 1032 1118 1111.
1065 1091 1198 1118 nonas
1227 1079 1383 1118 Martii.
1416 1076 1688 1116 Pontificatus
1721 1077 1853 1115 nostri

15 1158 123 1185 anno
156 1146 354 1185 secundo.

320 1235 375 1267 Ex
398 1234 533 1266 eodem
557 1236 738 1277 Regesto
761 1255 803 1260 —
827 1238 923 1278 epist.
946 1236 1035 1268 473.

862 1385 1002 1425 LXV.

13 1474 133 1514 Idem
158 1475 352 1527 episcopo
375 1476 591 1527 Praqensz‘
615 1480 654 1516 et
676 1477 886 1517 abbatibus
911 1479 1230 1518 Brewnoriensz'
1251 1481 1370 1530 alque
1394 1477 1648 1518 Grada-ensi
1670 1477 1853 1527 mandat,

14 1545 61 1582 ut
103 1542 359 1594 Conradum,
412 1546 650 1596 episcopum
707 1546 1022 1585 olomucensem
1071 1548 1289 1595 intrusum,
1336 1549 1585 1598 peremtore'e
1632 1548 1754 1586 citent
1800 1547 1857 1586 ad

84 1611 408 1662 comparendum
437 1613 713 1663 personale‘ler
746 1626 888 1653 coram
919 1615 1173 1666 Apostolico.
1238 1616 1307 1654 m.
1339 1615 1557 1665 Luydum‘,
1598 1615 1643 1655 Γ.
1677 1615 1781 1654 Idus

760 1683 923 1732 ΠΙαΓίὶἱ,
963 1682 1112 1721 1245.

185 1743 464 1803 Innocentius
490 1765 710 1815 episcopus
734 1778 885 1805 seruus
911 1778 1126 1805 seruorum
1150 1766 1230 1805 dei.
1278 1767 1522 1807 Venerabili
1547 1766 1662 1806 fratri
1689 1796 1698 1806 .
1726 1797 1736 1807 .
1763 1768 1855 1818 epi-

15 1841 141 1880 scopo
167 1831 396 1884 Pragensi7
424 1836 465 1870 et
492 1861 501 1870 .
527 1861 536 1870 .
567 1833 726 1872 dilectis
757 1832 847 1872 filiis
873 1835 1163 1873 Breunouensi
1188 1838 1229 1874 et
1252 1864 1261 1874 .
1289 1865 1298 1874 .
1329 1836 1578 1875 Gradicensi
1614 1836 1854 1890 Pragensis

17 1902 58 1937 et
96 1898 382 1938 olomucensis
423 1900 604 1939 diocesis
648 1902 882 1955 abbatibus,
922 1903 1095 1941 salutem
1128 1906 1168 1942 et
1201 1905 1467 1953 apostolicam
1511 1905 1854 1944 benedictionem.

15 1966 331 2016 Exponeutibus
365 1978 503 2006 coram
534 1969 651 2007 nobis
684 1970 715 2008 Ι.
742 1970 916 2022 decano7
950 1971 996 2008 B.
1029 1971 1323 2010 archidiacono
1358 1977 1398 2011 et
1431 1974 1633 2026 magistro
1666 1974 1697 2012 I.
1723 1984 1855 2012 cano-

15 2034 108 2071 nico
141 2038 182 2072 et
214 2039 484 2084 procuratore
520 2035 808 2075 olomucensis·
841 2039 1036 2088 ecclesie,
1078 2039 1183 2090 quod
1220 2040 1445 2080 Com-adas
1479 2042 1706 2081 canonicus
1740 2042 1854 2081 Ilde-

15 2102 233 2155 semensis7
267 2114 340 2152 pro
375 2113 424 2141 eo
458 2104 565 2154 quod
597 2105 638 2143 in
671 2104 981 2145 Olomucensem
1016 2107 1236 2146 ecclesiam
1278 2119 1326 2147 se
1361 2111 1598 2158 procui-anit
1630 2110 1780 2149 intrudi
1815 2114 1856 2150 et

16 2178 64 2207 se
97 2170 212 2222 gerit
250 2181 324 2220 pro
358 2171 553 2221 episcopo
592 2172 634 2210 in
667 2172 822 2227 eadem,
862 2172 936 2213 suit
968 2175 1215 2214 auctoritate
1255 2180 1398 2215 nostra
1432 2177 1597 2231 citatus,
1636 2182 1679 2217 ut
1711 2181 1855 2218 nostro

16 2246 65 2274 se
97 2238 337 2286 conspectui
378 2249 453 2288 per
485 2250 533 2277 se
571 2240 642 2278 vel
673 2245 984 2290 procuratorem
1021 2254 1148 2294 super
1186 2243 1251 2283 his
1290 2245 1515 2284 secundum
1559 2247 1750 2286 iustitiam
1781 2257 1855 2286 re-

15 2313 244 2353 sponsurus
276 2305 465 2344 idoneum
497 2311 779 2356 presentaret:
812 2320 956 2349 verum
988 2311 1082 2362 quia
1115 2311 1219 2350 idem
1253 2324 1497 2363 comparere
1530 2314 1735 2354 hactenus
1768 2327 1851 2355 non

16 2372 191 2424 curauit,
227 2371 376 2411 diutius
410 2365 706 2429 exspectatus‚'
727 2377 963 2417 mandamus
997 2382 1200 2429 quatenus
1233 2383 1481 2421 auctoritate
1514 2387 1656 2422 nostra
1688 2395 1855 2434 perem-

15 2440 146 2488 ptorie
187 2440 322 2479 citetis
363 2442 550 2496 eundem,
582 2447 625 2481 ut
661 2444 701 2482 in
743 2442 847 2484 sesto
881 2447 991 2485 beati
1032 2447 1229 2486 Iohannis
1270 2450 1458 2500 Baptiste
1499 2452 1684 2500 proximo
1717 2450 1854 2491 futuro

15 2507 292 2556 personaliter
342 2514 579 2560 compareat
621 2523 760 2551 coram
799 2513 932 2567 nobis7
980 2512 1166 2554 facturus
1215 2521 1255 2556 et
1303 2522 1563 2570 recepturus7
1604 2520 1712 2571 quod
1753 2520 1854 2559 ordo

17 2573 233 2615 dictauerit
264 2577 446 2617 rationis,
511 2577 629 2627 Quod
662 2585 797 2620 autem
829 2593 956 2633 super
988 2583 1066 2623 hoc
1098 2582 1300 2638 feceritis,
1333 2586 1453 2625 nobis
1485 2585 1660 2627 fideliter
1692 2590 1854 2628 rescri-

1611 2655 1639 2670 Q

1614 2671 1633 2696 l
