2155 2928
991 193 1192 255 -320

1006 331 1273 375 CCXXXV.

222 433 340 473 Idem
373 434 591 485 confir-mac
623 430 961 484 permutationem
1001 427 1145 465 curiae
1182 427 1227 465 in
1269 426 1467 477 Opawz‘ce
1504 437 1584 478 pro
1623 426 1743 465 curia
1781 427 1826 466 in
1856 424 2063 468 Slawkow

222 503 328 541 inter
361 502 472 540 cives
517 500 774 552 Opaarienses
806 499 845 535 et
879 497 1039 548 fratres
1072 494 1219 533 domus
1262 494 1584 533 Teutonicorum
1613 494 1787 546 factam.
1849 494 1922 533 Dt.
1953 494 2065 547 apud

664 566 866 617 opaviam
899 563 996 603 XV.
1030 562 1214 602 Kalend.
1248 562 1441 613 Augusti,
1481 561 1632 601 1256.

369 660 565 719 Premizl
597 676 664 727 qui
699 677 740 714 et
781 673 1016 713 Otbacarus
1057 672 1123 711 dei
1162 673 1304 726 gratia
1339 672 1523 712 dominus
1562 673 1688 726 regni
1731 672 1943 726 Bohemie‚
1982 671 2063 713 dux

223 747 395 786 Austrie
420 749 461 784 et
486 743 666 783 marchio
696 742 890 781 Morauie
923 741 1134 780 vniuersis
1160 738 1348 779 fidelibus
1374 741 1462 781 suis
1487 741 1594 780 hanc
1618 741 1794 780 litteram
1818 742 2063 792 inspecturis

223 826 299 865 per
332 813 580 864 prouinciam
607 810 884 861 Opti-alensem
917 809 1150 847 constitutis
1174 810 1355 862 gratiam
1389 820 1504 848 suam
1538 812 1579 848 et
1612 820 1728 848 omne
1756 810 1915 848 bonum.
1965 807 2063 850 Cum

223 883 411 920 actiones
444 880 642 918 hominum
683 877 868 928 quamuis
909 877 1191 928 sollempniter
1230 877 1445 916 celebrate
1487 878 1605 916 simul
1645 889 1734 916 cum
1772 881 1957 928 tempore
1989 877 2063 918 de-

224 947 351 988 fluere
384 951 704 998 consueuerunt7
744 955 926 983 necesse
960 948 1025 983 est
1066 948 1109 983 ut
1142 956 1193 983 ea
1236 956 1316 996 que
1349 957 1374 984 a
1405 946 1599 984 memoria
1633 945 1834 985 hominum
1868 945 2061 986 decidere

223 1019 406 1068 possunt,
440 1015 585 1053 litteris
627 1013 876 1052 authenticis
919 1017 960 1052 et
998 1014 1161 1053 testium
1201 1014 1492 1052 subnotatione
1532 1013 1858 1064 perhennentur.
1920 1014 2065 1054 Notum

221 1081 392 1121 facimus
433 1083 561 1134 igitur
600 1084 679 1119 tam
720 1081 1001 1133 presentibus,
1042 1092 1160 1132 quam
1200 1079 1348 1120 futuris
1381 1082 1605 1133 quod.nos
1638 1082 1919 1121 concambium
1953 1083 2065 1122 curie

223 1151 263 1189 in
298 1150 502 1201 Opawicz
535 1150 680 1187 ciuium
715 1154 947 1188 nostrorum
987 1148 1159 1188 fidelium
1201 1150 1253 1188 de
1298 1150 1465 1201 Opauia
1504 1162 1577 1201 pro
1620 1151 1737 1188 curia
1770 1151 1810 1189 in
1842 1149 2065 1191 Slawkoue

220 1219 405 1271 fratrum
437 1217 584 1256 domus
625 1217 953 1256 theutonicorum
993 1219 1037 1256 in
1078 1217 1244 1269 Opauia
1277 1217 1329 1257 de
1369 1229 1581 1257 consensu
1620 1222 1762 1257 nostro
1802 1218 1993 1258 beniuolo
2025 1221 2065 1258 et

223 1286 413 1340 gratioso
446 1283 594 1324 sactum
628 1285 677 1324 ad
713 1286 948 1335 petitionem
981 1287 1150 1336 partium
1186 1286 1462 1337 predictarum
1487 1287 1735 1325 auctoritate
1767 1290 1911 1325 nostra
1943 1286 2066 1340 regia

223 1352 505 1393 confirmamus
548 1354 588 1392 in
621 1354 806 1393 omnibus
846 1354 933 1392 suis
967 1355 1128 1404 punctis
1169 1358 1210 1393 et
1249 1355 1449 1408 articulis7
1487 1356 1594 1394 sicut
1635 1355 1676 1394 in
1712 1355 1860 1394 litteris
1900 1355 2067 1406 insuper

222 1420 422 1461 consectis
454 1422 577 1461 latius
611 1425 653 1461 et
694 1423 943 1472 expressius
977 1423 1224 1462 continetur.
1286 1424 1335 1462 ln
1375 1424 1492 1462 cuius
1525 1424 1586 1462 rei
1619 1424 1890 1462 testimonium
1925 1427 1966 1463 et
1997 1421 2067 1462 fir-

221 1491 397 1529 mitatem
436 1493 673 1540 presentem
720 1491 918 1544 paginam
959 1491 1168 1530 conscribi
1222 1495 1263 1531 et
1301 1492 1532 1545 sigillorum
1582 1495 1813 1530 nostrorum
1854 1492 2066 1530 munimine

222 1558 406 1597 roborari
433 1559 634 1597 iussimus.
683 1559 776 1598 Hec
800 1570 904 1598 vero
930 1564 1024 1598 sunt
1049 1561 1211 1599 testium
1240 1561 1415 1613 nomina7
1444 1571 1523 1611 que
1549 1564 1761 1599 secuntur.
1785 1559 2067 1612 Marquardus

222 1627 486 1680 camerarius,
509 1627 624 1665 Ydik
650 1630 691 1666 et
718 1627 985 1667 Ziauiborius
1010 1626 1176 1667 fratres,
1211 1626 1359 1668 Chuno
1390 1639 1478 1667 cum
1505 1627 1648 1681 fratre,
1670 1629 1906 1667 Benescius
1929 1638 2068 1667 came-

222 1696 372 1747 rarius7
405 1695 634 1734 Diwiscius
662 1696 875 1746 pincerna.
907 1696 1135 1737 Schaenko
1169 1696 1221 1735 de
1245 1696 1408 1738 Sitauia
1441 1708 1531 1736 cum
1562 1695 1694 1736 fratre
1726 1708 1815 1735 suo.
1854 1695 2068 1735 Hartlibus

224 1766 265 1801 et
294 1764 446 1801 laenzo
472 1761 637 1803 fratres.
662 1764 859 1803 Bobusch
894 1763 998 1803 filius
1026 1763 1248 1815 Cyrhonis.
1273 1768 1315 1803 et
1340 1765 1407 1804 alii
1441 1777 1557 1816 quam
1590 1765 1743 1815 plures.
1789 1765 1936 1803 Actum
1963 1774 2068 1802 anno

224 1830 368 1869 domiui
402 1831 460 1870 M.
495 1830 582 1872 CC.
615 1832 732 1871 LVI.
796 1832 947 1871 Datum
982 1834 1090 1883 apud
1125 1833 1336 1883 Opauiam.
1370 1845 1446 1884 per
1478 1844 1622 1872 manus
1655 1833 1874 1872 wilhelmi
1909 1836 1950 1871 et
1983 1833 2068 1871 Ar-

223 1898 332 1937 noldi
365 1902 460 1938 tunc
492 1900 893 1950 prothonotariorum
927 1904 1173 1940 nostrorum.
1208 1900 1519 1950 Quintodecimo
1551 1901 1771 1942 Kalendas
1803 1901 2003 1954 Augusti.

529 1998 559 2033 E
583 2000 680 2045 copia
701 2008 793 2033 saec.
817 1999 893 2032 XV.
919 2000 950 2031 in
975 1999 1066 2032 curia
1089 1997 1326 2043 Opaviensi.

1002 2162 1292 2206 CCXXXVI.

231 2264 347 2302 Idem
378 2268 511 2304 rcelctm
537 2264 658 2304 habel
687 2268 916 2306 cessionem
947 2268 1073 2306 villae
1094 2268 1300 2319 Avyezda
1314 2267 1522 2320 fratribus
1547 2279 1582 2306 s.
1606 2268 1790 2308 ,Ioannis
1812 2268 1857 2306 in
1881 2264 2072 2318 Hrobwjle
2129 2254 2131 2280 ¹

308 2331 496 2382 Pardus,
530 2335 764 2372 camerario
799 2335 1080 2387 Olomucensz‘,
1113 2335 1170 2374 ad
1200 2338 1384 2387 tempora
1415 2337 1523 2374 vitae
1551 2336 1722 2388 sactum.
1779 2336 1847 2375 ΠΙ.
1880 2334 1994 2386 apud

695 2401 900 2454 Opavz'am
933 2403 1031 2444 XV.
1065 2404 1167 2444 Kal.
1200 2404 1393 2455 Auffltsle',
1432 2404 1583 2443 1256.

376 2490 630 2549 Oiacharus
664 2511 729 2551 dei
764 2513 929 2566 gracia,
963 2513 1148 2553 dominus
1181 2515 1307 2567 regni
1341 2513 1523 2567 Boemie.,
1567 2513 1650 2553 dux
1682 2513 1856 2552 Austrie
1890 2516 1930 2552 et
1961 2523 2069 2552 mar-

229 2572 323 2611 chio
356 2574 549 2615 Moravie
583 2579 767 2619 omnibus
800 2580 839 2619 in
871 2584 1127 2632 perpetuum.
1191 2582 1335 2636 Regie
1369 2582 1599 2622 maiestatis
1631 2582 1871 2635 benignitas
1905 2592 1984 2632 que
2017 2591 2070 2618 ex
