2155 2928
203 329 319 368 quam
362 315 511 366 plures.
575 314 722 353 Actum
755 316 795 349 et
835 309 967 348 datum
1000 308 1040 344 in
1080 303 1250 344 Piezck.
1298 303 1422 343 Anno
1462 301 1609 340 domini
1649 300 1710 341 M.
1744 297 1834 341 CC.
1866 300 1960 341 LX.
2002 302 2044 341 in

202 386 268 425 die
301 389 446 424 sancto
479 384 630 423 Pasce.

509 489 538 520 E
563 486 747 528 copiario
771 483 974 524 diplomatum
1000 479 1140 511 civitatis
1163 475 1343 518 opaviae
1367 475 1446 509 MS.
1469 485 1560 508 saec.
1584 475 1694 508 xvn.
1720 476 1751 507 in
1773 474 1916 506 Museo
1940 473 2044 517 opa-

611 537 754 567 viensi.

931 692 1304 736 CCLXXXVIH.

201 815 317 855 Idem
348 813 663 866 praepositurae
698 807 966 848 Olomncensz'
1005 805 1225 857 confirmat
1254 803 1514 843 collationem
1546 802 1743 841 villarum
1776 799 2045 842 Nenakom‘ce

250 885 294 922 in
325 881 521 922 Moraria
554 881 592 917 el
624 876 770 918 Badeo
802 876 846 914 in
877 875 1056 913 Boffinia
1085 873 1244 925 factam
1276 874 1511 911 testamento
1543 871 1713 911 Nic-olai
1740 870 1985 922 praepositi.

611 945 678 984 Dt.
720 941 908 994 Proque,
950 940 1022 982 ΙἸ.
1057 940 1279 981 Kalendas
1311 940 1435 992 Maji,
1476 938 1627 979 1260.

367 1039 425 1099 In
459 1056 619 1094 nomine
652 1053 799 1093 domini
833 1064 966 1092 amen.
1008 1051 1235 1091 ottakarus
1269 1051 1336 1102 qui
1370 1053 1413 1089 et
1443 1049 1635 1089 Premizl.
1668 1048 1734 1088 dei
1775 1049 1928 1102 gracia
1966 1046 2045 1088 do-

198 1128 326 1166 minus
359 1125 484 1178 regni
519 1123 730 1162 Bohemie.
765 1122 849 1160 dux
879 1121 1053 1161 Austrie
1087 1124 1129 1159 et
1160 1119 1317 1170 Styrie.
1360 1122 1402 1158 et
1433 1117 1615 1157 marchio
1655 1117 1863 1157 R‘Iorauie.
1896 1116 2046 1156 Hono-

198 1193 395 1234 rabilibus
429 1193 529 1230 viris
571 1220 581 1230 .
621 1219 631 1230 .
671 1190 832 1229 decano
874 1218 884 1228 .
924 1218 934 1228 .
978 1189 1189 1239 preposito
1232 1216 1242 1226 .
1283 1216 1293 1226 .
1335 1188 1493 1238 totique
1531 1185 1710 1237 capitulo
1752 1184 2043 1225 olomucensis

198 1263 380 1301 ecclesie.
421 1261 528 1299 bone
568 1260 794 1298 voluntatis
833 1256 1033 1296 affectum.
1065 1256 1243 1306 Semper
1282 1255 1458 1294 diuinam
1491 1254 1759 1293 clemenciam
1801 1255 1868 1305 pie
1908 1252 2041 1292 deuo-

197 1331 326 1369 cionis
360 1329 555 1379 operibus
599 1328 718 1366 nobis
760 1326 1036 1365 reconciliare
1076 1325 1307 1363 studentes.
1347 1327 1389 1363 et
1430 1334 1507 1362 nos
1550 1324 1666 1373 ipsos
1704 1321 1758 1361 ad
1801 1321 2046 1361 instanciam

197 1397 451 1437 venerabilis
499 1397 537 1434 in
581 1394 750 1435 Christo
793 1394 943 1447 patris⁷
993 1393 1140 1432 domini
1186 1393 1394 1431 Brunonis
1436 1391 1723 1432 olomucensis
1765 1390 1965 1441 episcopi.
2004 1391 2047 1429 et

198 1470 376 1505 vestram
410 1464 664 1503 fauorabiles
689 1462 931 1515 offerentes7
962 1465 1248 1501 testamentum
1275 1460 1494 1511 Nycholai.
1524 1460 1810 1499 Olomucensis
1834 1458 2047 1509 prepositi.

198 1534 301 1585 quod
336 1535 374 1572 in
407 1534 543 1572 ultima
577 1544 652 1571 sua
685 1532 897 1570 uoluntate
930 1530 1113 1569 condidit
1146 1530 1373 1568 recitatum.
1406 1528 1459 1567 de
1499 1527 1628 1566 uerbo
1662 1527 1715 1566 ad
1746 1527 1919 1566 uerbum
1950 1525 2046 1564 huic

196 1603 349 1652 scripto
383 1600 552 1640 fecimus
586 1600 790 1638 annotari.
823 1600 932 1638 Hinc
966 1602 1051 1651 est³
1092 1597 1201 1649 quod
1241 1597 1345 1636 idem
1386 1596 1622 1647 prepositus
1663 1594 1868 1646 disposuit
1908 1594 2046 1633 villam

197 1670 270 1709 emi
307 1681 378 1719 pro
411 1669 505 1708 XL.
538 1669 686 1707 marcis
720 1668 904 1721 argenti.
945 1678 1049 1718 quas
1081 1677 1130 1705 se
1163 1665 1262 1704 dicit
1302 1664 1461 1704 habere
1500 1664 1542 1702 in
1583 1667 1729 1714 parata
1770 1663 1961 1714 pecunia.
2002 1654 2045 1702 et

196 1739 411 1790 assignari
446 1738 707 1787 prepositure
741 1736 1017 1776 olomucensi.
1060 1735 1150 1773 loco
1184 1733 1282 1773 ville
1323 1744 1444 1784 quam
1484 1732 1681 1771 alienauit
1719 1730 1772 1770 ab
1814 1742 1879 1770 ea.
1920 1730 2044 1770 villas

199 1799 301 1843 duas
334 1806 592 1844 Nema-aniz.
626 1806 669 1843 in
701 1800 914 1844 ,nm-auia.
948 1807 990 1842 et
1020 1801 1201 1843 Rndeclzs
1232 1803 1276 1840 in
1307 1801 1526 1840 Bohemia.
1560 1812 1648 1839 cum
1683 1799 1868 1839 omnibus
1910 1799 2043 1850 perti-

199 1875 387 1912 nentibus
420 1873 472 1911 ad
507 1874 687 1912 easdem.
722 1873 903 1911 ecclesie
938 1871 1199 1911 olomucensi
1233 1870 1407 1924 legauit.
1442 1873 1644 1918 statuens,
1687 1867 1794 1919 quod
1830 1867 1907 1906 duo
1950 1865 2046 1906 inde

200 1942 430 1980 habeantur
462 1942 621 1980 vicarii.
662 1952 832 1992 quorum
864 1952 971 1979 unus
1004 1939 1197 1978 officiabit
1229 1939 1363 1977 altare
1396 1949 1516 1975 unum
1557 1936 1608 1975 ad
1652 1940 1838 1975 sanctum
1877 1934 2045 1974 Petrum

199 2011 238 2047 in
266 2009 445 2048 olomuc.
478 2010 583 2049 alter
617 2011 655 2048 in
687 2010 869 2048 ecclesia
902 2009 1042 2046 maiori
1076 2007 1260 2045 similiter
1293 2007 1425 2044 altare
1459 2017 1580 2044 vnum
1613 2004 1822 2043 tenebitur
1847 2002 2046 2042 officiare.

199 2082 238 2115 et
272 2078 388 2116 iidem
422 2078 588 2116 chorum
621 2078 660 2116 in
694 2078 876 2117 ecclesia
902 2076 1164 2116 olomucensi
1190 2075 1366 2128 obligati
1390 2077 1511 2113 erunt
1535 2073 1818 2112 nichilominus
1845 2069 2046 2123 frequen-

200 2149 302 2183 tare.
335 2149 376 2183 et
408 2145 459 2184 (le
494 2146 691 2196 predictis
725 2145 832 2184 villis
875 2145 953 2183 duo
994 2144 1142 2182 lumina
1176 2148 1375 2194 perpetua
1417 2141 1641 2181 ministrari
1681 2140 1836 2180 debent
1874 2140 1927 2179 ad
1970 2149 2047 2179 ec-

199 2212 365 2251 clesiam
399 2213 722 2253 olomucensem.
772 2214 943 2252 Domum
977 2213 1105 2251 eciam
1138 2223 1252 2250 suam
1287 2212 1327 2249 in
1360 2211 1524 2249 ciuitate
1550 2209 1767 2259 Praqensz·
1798 2209 1930 2247 sitam.
1956 2218 2046 2246 cum

200 2281 382 2319 omnibus
416 2282 454 2319 in
489 2283 660 2321 circuitu
694 2286 736 2320 et
767 2281 996 2320 immediate
1028 2281 1080 2319 ad
1114 2291 1203 2319 eam
1236 2278 1538 2330 pertinentibus
1565 2277 1750 2316 ecclesie
1781 2273 2045 2316 olomucensi

200 2347 371 2399 legauit.
404 2349 466 2387 Ita
500 2350 605 2400 quod
640 2361 697 2389 ex
729 2353 847 2400 parte
881 2349 1168 2389 olomucensis
1201 2347 1384 2387 ecclesie
1409 2346 1607 2397 orphanis
1641 2348 1683 2384 et
1714 2345 1855 2383 amicis
1888 2344 1976 2382 suis
2003 2343 2045 2381 in

204 2415 256 2452 X.
304 2418 452 2454 marcis
500 2418 783 2457 nichilominus
831 2421 1113 2456 succurratur.
1176 2416 1265 2455 Nos
1306 2416 1437 2469 igitur
1482 2418 1767 2454 testamentum
1815 2409 2043 2450 huiusmodi

202 2486 364 2533 gratum
399 2487 440 2520 et
471 2489 601 2522 ratum
635 2485 851 2524 habentes.
885 2485 937 2524 ad
972 2486 1215 2535 peticionem
1250 2484 1378 2533 ipsius
1403 2482 1549 2521 domini
1576 2481 1761 2531 episcopi
1795 2484 1836 2519 et
1860 2482 2044 2518 vestram

206 2558 278 2596 pro
310 2548 562 2614 habundanti
595 2553 758 2591 cautela
791 2553 885 2592 huic
920 2554 1078 2607 pagine
1111 2550 1439 2592 confirmacionis
1472 2553 1615 2590 nostre
1647 2549 1833 2603 insignia
1871 2547 2042 2602 dignum
