2155 2928
927 289 1102 332 CLVII.

97 385 213 426 Idem
253 384 410 424 civibus
453 382 797 424 Olomueensibas
842 383 1104 423 donationem
1150 394 1270 422 suam
1304 382 1512 434 fratribus
1554 382 1929 422 praedicatoribus

553 450 703 490 ibidem
731 452 888 504 factam
921 453 1115 490 insinuat.
1178 455 1261 503 [cc.
1300 450 1475 501 1250).

222 543 498 612 P.(remysl]
533 560 599 599 dei
638 562 781 614 gratia
812 561 1004 600 Mai-chio
1042 560 1236 600 Morauie
1268 560 1399 599 ludici
1438 563 1480 599 et
1518 560 1678 599 ciuibus
1720 561 1927 599 uniuersis

98 633 193 681 aput
232 629 434 669 olomucz
473 630 706 668 constitutis
746 630 925 682 gratiam
964 641 1079 668 suam
1117 633 1158 667 et
1197 639 1314 667 omne
1358 628 1516 666 bonum.
1582 627 1689 677 Quia
1728 627 1926 667 fratribus

97 697 422 748 predicatoribus
460 708 536 747 pro
584 701 796 747 parentum
835 701 1064 736 nostrorum
1114 696 1295 735 remedio
1343 699 1383 735 et
1422 696 1557 735 salute
1595 697 1700 735 uiam
1742 707 1821 747 que
1864 699 1929 735 est

97 777 121 804 a
152 770 276 818 tergo
316 764 535 804 dormitorii
568 765 821 803 contulimus.
862 765 1001 803 curias
1033 776 1134 803 uero
1178 775 1258 816 que
1298 775 1430 814 usque
1471 763 1522 802 ad
1563 775 1707 814 aquam
1754 771 1926 814 proten-

96 833 241 872 duntur
272 831 506 871 facultatem
531 833 714 871 dedimus
741 832 979 871 redimendi.
1018 832 1253 871 Inhibemus
1281 832 1412 885 igitur
1446 842 1499 869 ne
1537 833 1748 882 quisquam
1773 830 1928 870 fratres

95 905 335 941 memoratos
374 911 500 950 super
541 901 683 941 eadem
724 900 944 939 donatione
985 900 1135 939 audeat
1177 900 1365 949 inpetere
1404 899 1471 938 uel
1510 910 1698 952 grauare
1745 899 1925 950 alioquin

96 968 286 1008 offensam
320 973 500 1007 nostram
540 979 588 1006 se
621 969 814 1022 grauiter
853 969 1014 1006 nouerit
1046 968 1287 1006 incurrisse.
1351 968 1405 1006 Et
1444 967 1522 1005 hoc
1555 967 1660 1005 idem
1694 968 1924 1005 comisimus

95 1036 296 1076 nobilibus
322 1037 475 1076 nostris
501 1036 737 1076 Parduzoni
765 1037 992 1075 camerni-Io
1019 1039 1060 1075 et
1085 1035 1219 1074 Zlaue
1244 1034 1364 1073 iudici
1390 1035 1604 1084 prouincie
1628 1034 1925 1074 Olomucensis.

397 1134 453 1167 Ex
474 1135 670 1176 originali
693 1133 873 1176 ejusdem
895 1135 1090 1166 monasterii.
1113 1152 1156 1157 -κ
1179 1132 1326 1174 Sigillum
1350 1132 1507 1164 avulsum.

908 1297 1102 1341 CLVIII.

96 1399 316 1451 Robertus,
349 1400 474 1439 abbas
499 1399 786 1452 Gradicensis‚
826 1402 1002 1454 IVeljcio
1035 1405 1073 1439 et
1093 1387 1297 1440 Sleffdrom·
1328 1399 1378 1438 de
1412 1398 1549 1440 werec
1581 1398 1745 1450 confert
1774 1399 1924 1438 silvam

154 1467 212 1506 ad
242 1469 415 1522 fluvium
446 1467 671 1520 Skijpoufy'
697 1470 906 1520 jacentem
945 1469 1002 1508 ad
1038 1469 1257 1508 locandam
1289 1468 1431 1505 villam
1470 1466 1678 1518 ΠέζῘὸἰηα
1708 1466 1863 1506 leota.

609 1536 681 1574 Dl.
713 1538 757 1574 in
789 1537 971 1575 claustro
1003 1536 1223 1586 Hradiste,
1263 1534 1412 1574 1250.

264 1625 323 1685 In
355 1645 516 1684 nomine
547 1646 677 1696 patris
710 1648 751 1685 et
776 1644 843 1684 filii
876 1648 916 1685 et
942 1646 1109 1696 spiritus
1134 1646 1267 1684 sancti
1292 1655 1422 1683 amen.
1468 1643 1617 1683 Notum
1643 1643 1696 1682 sit
1723 1643 1922 1697 omnibns,

94 1716 330 1762 presentem
362 1713 557 1765 paginam
582 1714 846 1767 inspecturis,
880 1714 985 1764 quod
1011 1725 1086 1752 nos
1112 1713 1337 1765 Robertus,
1361 1712 1493 1751 abbas
1526 1712 1659 1751 sancti
1684 1712 1923 1750 monasterii

94 1779 206 1819 beati
245 1779 447 1830 Stephani
486 1781 526 1818 in
566 1779 761 1831 Gradiss,
808 1781 1048 1820 contulimus
1087 1781 1176 1819 iure
1223 1779 1474 1819 hereditario
1517 1779 1676 1818 duobus
1721 1777 1921 1818 fratribus

93 1848 265 1886 uterinis
301 1848 487 1887 Welizio
520 1850 562 1886 et
593 1847 789 1888 Stedroni
828 1849 867 1887 in
899 1847 1044 1886 Vhrez
1085 1848 1181 1886 uilla
1220 1847 1498 1886 residentibus
1538 1847 1678 1886 siluam
1719 1847 1922 1898 quandam

95 1915 207 1954 circa
248 1913 421 1969 fluuium,
461 1916 527 1966 qni
568 1919 740 1954 uocatur
787 1915 1026 1968 Skrypouy,
1074 1917 1288 1968 iacentem,
1329 1927 1401 1965 pro
1449 1926 1528 1966 qua
1568 1914 1761 1953 uidelicet
1799 1915 1921 1965 sylua

95 1984 314 2033 sepissime
353 1984 600 2022 certauimus
639 1995 726 2022 cum
766 1983 923 2022 domino
964 1984 1202 2022 Hermanno
1242 1983 1293 2022 de
1325 1983 1550 2036 Letouicz;
1590 1987 1631 2022 et
1662 1994 1715 2022 ne
1747 1983 1919 2021 ulterius

94 2054 304 2089 certamen
337 2052 526 2103 oriretur,
568 2050 750 2089 dedimus
783 2051 1008 2090 auxiliante
1049 2051 1185 2090 diuina
1217 2051 1514 2104 misericordia,
1553 2054 1596 2089 ut
1634 2050 1808 2101 predicti
1841 2051 1920 2090 (luo

94 2120 206 2157 serui
239 2119 368 2157 nostri
399 2119 586 2157 locarent
618 2119 765 2157 ibidem
797 2119 930 2158 uillam
960 2120 1073 2173 ipsis,
1107 2120 1282 2169 ipsorum
1316 2117 1406 2157 filiis
1440 2122 1480 2158 et
1512 2119 1692 2170 posteris
1725 2118 1775 2157 ad
1808 2119 1920 2157 utili-

94 2188 232 2239 tatem,
271 2190 312 2225 et
356 2190 399 2226 ut
440 2187 585 2226 eadem
624 2187 720 2226 uilla
776 2187 1111 2238 I'eliczynallzola
1152 2191 1473 2240 nuncuparetur,
1521 2190 1562 2225 et
1606 2190 1650 2225 ut
1688 2186 1920 2225 libertatem

93 2252 271 2292 haberet
304 2254 398 2292 uilla
440 2254 677 2305 supradicta
709 2255 828 2294 annis
866 2255 1040 2308 triginta
1072 2255 1202 2293 minus
1242 2255 1414 2307 duobus,
1455 2257 1496 2293 et
1537 2257 1732 2305 quotquot
1770 2253 1919 2292 ibidem

94 2320 238 2360 laneos
272 2325 569 2375 compararent,
602 2334 766 2373 semper
798 2322 978 2362 decimus
1011 2323 1156 2362 laneus
1196 2322 1302 2361 liber
1334 2326 1463 2375 esset,
1497 2325 1538 2362 et
1568 2334 1648 2361 non
1683 2325 1917 2361 censuaret.

94 2387 141 2427 Si
174 2392 307 2427 autem
331 2393 472 2428 noster
503 2401 740 2443 successor,
767 2401 883 2441 quem
917 2391 1018 2429 deus
1044 2391 1239 2444 eligeret,
1272 2391 1406 2429 uillam
1431 2391 1508 2429 sibi
1542 2390 1667 2429 uellet
1698 2400 1918 2443 usurpare,

93 2458 188 2495 tunc
221 2468 292 2506 pro
326 2457 504 2508 quolibet
542 2458 672 2497 libero
704 2459 825 2497 laneo
867 2459 1043 2510 quinque
1076 2470 1237 2497 marcas
1277 2459 1432 2498 elsdem
1464 2459 1600 2497 seruis
1638 2458 1705 2496 uel
1738 2459 1918 2508 ipsorum

93 2526 268 2573 posteris
301 2524 459 2580 reddet,
498 2528 539 2565 et
570 2526 646 2577 ipsi
686 2527 905 2579 seruirent,
937 2527 1001 2566 cui
1042 2527 1173 2566 libere
1210 2526 1377 2566 uellent.
1440 2527 1494 2566 Et
1535 2526 1614 2565 hoc
1653 2523 1822 2564 fecimus
1863 2524 1915 2563 de
