2155 2928
907 193 974 233 59

27 339 198 379 dilectos
229 336 332 377 filios
355 337 516 376 nobiles
549 337 663 376 viros
696 365 705 374 .
739 365 748 374 .
780 335 1087 388 lantegrauium
1108 332 1360 386 'I'huringie7
1394 360 1404 371 .
1438 360 1448 371 .
1481 332 1626 371 ducem
1659 333 1858 385 Bauarie‚

28 436 38 447 .
70 436 80 446 .
112 407 369 447 Misnensem
402 409 442 444 et
480 434 490 444 .
522 434 532 443 .
571 403 1024 457 Brandenburgensem
1064 402 1323 441 marchiones
1363 412 1414 439 ac
1447 400 1554 439 alios
1588 401 1864 450 prenominati

27 476 166 528 Regis
200 476 352 513 amicos
375 473 599 512 secundum
632 473 766 511 datam
799 472 869 510 tibi
903 484 926 510 a
961 471 1038 509 deo
1071 469 1326 521 prudentiam
1359 480 1531 508 moneas
1565 467 1792 507 efficaciter
1825 472 1866 508 et

27 543 214 592 inducas,
253 544 307 581 ita
353 541 461 592 quod
501 541 717 593 diligentie
762 544 830 579 tue
873 539 1046 579 studium
1096 541 1298 588 appareat
1344 548 1419 588 per
1459 535 1659 589 effectum7
1709 539 1751 575 et
1789 548 1865 575 nos

28 610 338 650 sollicitudinem
379 614 486 648 tuam
518 609 660 647 merito
701 607 1040 646 commendemus.
1105 607 1202 646 Dat.
1240 606 1457 660 Lugduni,
1490 605 1612 645 XIII.
1645 604 1866 644 Kalendas

30 678 237 719 Octobris.
297 675 566 716 Pontificatus
598 677 729 715 nostri
762 688 870 714 anno
904 677 1038 715 tertio.

334 775 388 806 Ex
412 773 546 806 eodem
570 774 747 815 Regesto
771 792 812 796 —
835 775 931 814 epist.
954 771 1042 804 167.

832 937 1058 978 LXXVII.

203 1033 267 1092 Ιη
306 1049 477 1089 eandem
514 1048 680 1088 modum
727 1049 973 1102 „Nobilibus
1013 1049 1116 1088 viris
1157 1047 1400 1087 XVladizlao
1441 1050 1482 1086 et
1521 1047 1713 1101 Premizl7
1754 1048 1862 1087 natis

34 1119 237 1158 carissimi
276 1119 317 1156 in
351 1116 517 1158 Christo
557 1115 622 1155 filii
665 1118 793 1156 nostri
827 1145 836 1156 .
869 1146 878 1156 .
913 1146 922 1155 .
956 1117 1126 1155 illustris
1167 1117 1289 1169 regis
1330 1116 1499 1154 Boemie
1532 1144 1542 1153 .
1575 1144 1585 1153 .
1618 1116 1686 1164 (ut
1721 1127 1867 1166 supra,

33 1199 162 1237 usqae
195 1215 204 1224 .
238 1215 247 1224 .
280 1214 290 1224 .
312 1188 342 1235 j
367 1185 556 1224 laudibus
586 1185 884 1224 commendare.
936 1184 1120 1235 Ideoque
1145 1185 1395 1223 nobilitatem
1420 1186 1604 1222 vestram
1627 1182 1870 1221 monendam

36 1254 223 1293 duximus
263 1254 456 1292 attentius
497 1257 538 1292 et
575 1253 829 1306 hortandam⁷
869 1257 1070 1303 quatenus
1104 1252 1278 1291 eundem
1318 1262 1465 1305 regem
1506 1251 1558 1289 ad
1597 1250 1637 1289 id
1670 1251 1869 1289 moneatis

37 1321 260 1361 efficaciter
285 1326 326 1360 et
348 1321 546 1360 inducere
573 1322 818 1374 procuretis7
842 1322 896 1360 ita
922 1320 1028 1372 quod
1050 1320 1269 1374 diligentie
1293 1324 1436 1359 vestre
1462 1318 1637 1359 studium
1665 1323 1870 1369 appareat

37 1401 111 1440 per
143 1388 340 1441 effectum„
375 1394 417 1428 et
447 1401 522 1428 nos
555 1389 864 1428 sollicitudinem
897 1394 1078 1428 vestram
1118 1388 1458 1427 commendemus.
1520 1388 1618 1426 Dat.
1652 1387 1869 1441 Lugduni,

35 1458 155 1497 XIII.
186 1458 282 1496 Kal.
316 1457 520 1497 OctobriS.
582 1455 848 1496 Pontificatus
879 1458 1009 1496 nostri
1042 1469 1149 1496 anno
1181 1458 1316 1496 tertio.
1379 1455 1588 1507 (1245).

208 1566 271 1625 Ιη
302 1583 475 1622 eundem
504 1583 668 1623 modam
702 1584 917 1637 „Philippo
950 1584 1166 1634 capellano
1199 1586 1355 1635 nostro7
1388 1585 1485 1621 nato
1517 1581 1666 1622 nobilis
1705 1583 1785 1622 viri
1817 1612 1827 1622 .
1862 1612 1871 1621 .

38 1651 156 1691 ducis
189 1650 419 1704 Carinthie7
452 1653 590 1702 nepoti
631 1653 833 1691 carissimi
864 1654 905 1691 in
945 1651 1113 1691 Christo
1146 1650 1212 1690 filii
1255 1651 1384 1690 nostri
1418 1680 1428 1689 .
1461 1679 1471 1689 .
1505 1679 1514 1688 .
1547 1651 1717 1689 illustris
1748 1652 1872 1705 regis

38 1719 230 1758 Boemie”
271 1723 350 1759 etc.
420 1720 569 1758 Datum
600 1719 815 1773 Lugduni,
852 1720 971 1760 XIII.
1012 1720 1107 1759 Kal.
1156 1719 1363 1759 Octobris.
1432 1717 1701 1758 Pontificatus
1741 1721 1872 1759 nostri

39 1799 146 1826 anno
179 1784 343 1826 tertio.'
379 1787 584 1838 (1245).

346 1883 496 1916 Ibidem
520 1903 561 1907 —
585 1886 678 1926 epist.
704 1882 791 1917 2168.

833 2031 1079 2072 Lxxvlll.

39 2132 157 2172 Idem
195 2132 510 2185 archiepiscopo
550 2133 796 2184 Moyuano
842 2133 1022 2185 mandat,
1066 2136 1112 2173 ut
1147 2133 1391 2173 Brunonem
1431 2133 1511 2173 sibi
1549 2135 1875 2175 commendatum

70 2199 228 2252 habeat,
261 2202 376 2252 eique
407 2201 631 2252 efficaciter
663 2202 842 2241 assistat.
897 2203 968 2240 Dt.
1001 2201 1217 2253 Luyduni,
1251 2202 1357 2242 XII.
1381 2202 1604 2242 Kalendas
1638 2202 1843 2254 Octobris,

881 2269 1030 2309 1245.

212 2350 490 2411 Innocentius
523 2370 744 2421 episcopus
776 2381 927 2410 seruus
959 2382 1171 2411 seruorum
1204 2371 1283 2410 dei.
1346 2371 1591 2411 Venerabili
1627 2370 1742 2412 fratri
1778 2401 1788 2412 .
1821 2403 1831 2412 .
1865 2401 1875 2412 .

41 2436 373 2488 Archiepiscopo
404 2440 654 2489 Maqtmtino
686 2438 857 2478 salutem
898 2443 939 2478 et
971 2440 1239 2490 apostolicam
1278 2440 1621 2479 benedictionem.
1685 2438 1787 2481 Cum
1819 2440 1875 2494 id⁷

0 2518 1 2537 π
43 2505 149 2556 quod
182 2506 233 2545 de
267 2505 467 2546 Cam-ado
504 2504 653 2546 factum
685 2505 758 2545 suit
797 2508 836 2546 in
876 2507 1059 2547 ecclesia
1100 2507 1363 2548 olomucensi
1396 2538 1405 2547 .
1439 2536 1448 2546 .
1482 2537 1492 2547 .
1524 2509 1620 2556 [etc.
1652 2511 1699 2547 ut
1728 2521 1873 2560 supra,

2 2599 3 2621 1
42 2583 171 2624 usque
202 2602 212 2612 .
245 2602 255 2612 .
287 2602 297 2612 .
328 2576 350 2623 )
382 2575 645 2614 incrementa.
708 2575 892 2627 Ideoque
931 2574 1229 2616 fraternitatem
1271 2580 1379 2616 tuam
1410 2577 1651 2616 monendam
1684 2578 1874 2616 duximus

1592 2643 1668 2687 δὴ
