2155 2928
946 166 1044 208 173

74 310 219 350 domini
251 309 439 349 Pal-duzs
473 309 758 350 Olomucensis
791 305 1034 349 Camerarii.
1075 306 1213 345 dilecti
1244 304 1374 345 fidelis
1408 307 1549 345 nostri.
1590 318 1670 357 que
1708 308 1828 346 nobis
1868 312 1909 348 et

74 378 413 432 progenitoribus
446 378 597 416 nostris
629 388 794 427 semper
825 375 1053 426 intrepidus
1085 375 1336 425 preparauit.
1369 375 1474 413 satis
1507 379 1664 413 matura
1698 376 1909 414 delibera-

74 446 195 485 cione
219 447 463 495 intercepta.
490 456 543 483 ne
568 445 737 483 labores
762 445 825 483 sui
851 443 1136 483 irremunerati
1165 443 1481 493 pertransirent.
1504 443 1639 481 villam
1673 444 1911 496 vulgariter

81 513 275 552 Wsisclze
313 517 585 563 nuncupatam
626 512 677 551 de
718 515 861 551 nostra
901 512 1053 565 gracia
1092 511 1264 561 speciali
1313 522 1402 549 cum
1447 511 1633 550 omnibus
1673 512 1911 550 attinenciis

75 582 163 620 suis
196 584 238 620 et
269 591 359 619 cum
390 580 469 619 hiis
502 592 581 631 que
614 580 665 618 ad
699 580 980 618 camerarium.
1019 578 1071 618 ad
1110 579 1469 618 subcamerarium.
1508 582 1548 618 et
1590 579 1643 617 ad
1685 578 1913 629 dapiferum

75 649 286 698 pertinere
317 649 598 687 noscebantur
630 647 790 685 ibidem.
823 648 913 686 iure
945 646 1198 686 hereditario
1239 647 1369 685 eidem
1409 647 1649 685 contulimus
1688 647 1913 697 possiden-

77 715 180 754 dum.
213 715 470 756 statuentes.
503 716 617 754 immo
650 713 877 754 firmissime
909 715 1158 753 inhibentes.
1189 724 1243 752 ne
1276 715 1367 764 quis
1406 714 1604 753 heredum
1635 718 1704 754 aut
1735 725 1913 753 succes-

78 793 214 822 sorum
247 786 490 821 nostrorum.
522 782 632 821 hanc
664 786 844 820 nostram
877 782 1148 821 donacionem
1180 782 1444 832 solempniter
1476 780 1637 821 factam.
1678 783 1717 821 in
1760 784 1914 821 irritum

74 860 279 890 reuocare
311 850 463 888 valeat.
498 850 567 888 vel
599 850 742 899 ipsum.
778 850 845 888 vel
878 861 1154 888 successores
1188 861 1300 888 suos.
1335 851 1375 888 in
1409 854 1615 900 posterum
1651 851 1914 901 aliquatenus

76 917 294 957 molestare
333 921 556 967 presumat.
620 918 674 956 Et
713 921 757 956 ut
795 917 875 956 hec
916 922 1058 956 nostra
1098 918 1272 956 donacio
1312 918 1438 956 robur
1477 918 1658 957 obtineat
1703 917 1914 958 firmitatis.

76 984 186 1024 hanc
209 988 352 1024 nostre
380 984 621 1024 donacionis
644 986 855 1038 paginam.
881 985 958 1023 sibi
982 989 1023 1024 et
1047 987 1133 1024 suis
1158 985 1477 1024 successoribus
1499 987 1706 1024 conscribi
1731 985 1915 1025 fecimus.

77 1056 119 1092 et
149 1053 278 1105 sigilli
311 1053 441 1092 nostri
473 1054 689 1091 munimine
721 1053 922 1091 roborari.
970 1054 1081 1092 Acta
1113 1057 1208 1092 sunt
1241 1065 1348 1091 anno
1377 1053 1577 1091 dominice
1602 1054 1915 1092 Incarnacionis

81 1121 142 1160 Μ.
161 1119 249 1161 CC.
265 1121 381 1160 LIII.
416 1119 566 1161 Coram
584 1121 760 1159 testibus
780 1132 947 1172 quorum
965 1122 1124 1160 nomina
1142 1120 1470 1159 subscribuntur.
1491 1121 1691 1159 Dominus
1718 1121 1916 1159 Nicolaus

77 1189 311 1239 prepositus
345 1187 644 1227 olomucensis.
677 1189 886 1227 Iohannes
919 1189 1239 1227 archidiaconus
1272 1188 1563 1226 PrerouensiS.
1597 1188 1806 1226 Iohannes
1840 1188 1917 1226 de-

78 1267 209 1294 canus
243 1255 527 1296 olomucensis
561 1255 799 1309 Gregorius
840 1257 1066 1295 canonicus
1101 1256 1399 1295 olomucensis.
1439 1256 1601 1306 Prycos
1643 1256 1917 1294 burchrauius

80 1322 375 1363 olomucensis.
417 1324 590 1363 Beneda
637 1326 883 1363 vorstarius.
931 1325 1141 1363 lohannes
1195 1323 1399 1362 sudarius.
1448 1324 1689 1362 Ratiborius
1744 1322 1918 1373 dapifer.

79 1390 203 1431 Smilo
236 1392 510 1430 burchrauius
534 1392 833 1430 bethowensis.
859 1392 1070 1431 Zdezlaus
1101 1390 1355 1440 subdapifer.
1385 1390 1680 1430 IVolframinus
1707 1392 1918 1440 pincerna.

78 1457 210 1498 Mikul
241 1457 370 1498 frater
402 1459 641 1498 bochconis.
675 1459 794 1500 Cvno
828 1460 1104 1498 burchravius
1138 1459 1189 1497 de
1222 1459 1434 1508 Weuerij.
1473 1460 1614 1497 Benes
1648 1459 1919 1497 subcamera-

79 1526 178 1564 rius.
217 1526 432 1577 Gyencho.
467 1526 715 1567 Cstiborius.
756 1527 929 1566 PabIan.
969 1527 1114 1566 Mikul.
1158 1528 1259 1565 Buz.
1299 1527 1510 1564 Nezamisl
1549 1539 1635 1564 cuni
1677 1525 1805 1564 fratre
1844 1538 1918 1565 suo

79 1593 307 1633 Ratiborio.
335 1595 468 1633 Dinis.
494 1595 674 1633 Florian.
709 1595 933 1634 Budizlaus
966 1594 1092 1632 iudex
1120 1594 1411 1644 OppauiensiS.
1446 1598 1486 1632 et
1519 1584 1583 1632 alii
1611 1606 1727 1644 quam
1764 1594 1918 1644 plures.

79 1670 246 1712 quorum
277 1663 507 1701 nominibus
539 1674 621 1701 non
654 1666 720 1702 est
752 1674 868 1712 opus.
924 1663 1076 1701 Datum
1108 1673 1183 1713 per
1215 1674 1374 1701 manum
1396 1662 1462 1701 W
1465 1662 1614 1713 illielmj
1647 1668 1742 1701 tunc
1776 1666 1920 1700 nostre

79 1729 194 1768 curie
225 1731 387 1768 notarii.

384 1802 438 1833 Ex
461 1802 653 1843 originali
677 1812 747 1833 cum
770 1802 876 1843 sigillo
901 1803 1025 1843 integro
1049 1804 1079 1832 in
1103 1802 1237 1833 archivo
1262 1803 1391 1843 capituli
1412 1801 1704 1834 olomucensis.
1727 1820 1770 1825 —-
1792 1802 1919 1843 Apogr.

486 1854 518 1883 in
541 1851 694 1884 Codice
719 1851 897 1884 Olomuc.
923 1854 949 1884 I.
973 1853 994 1884 f.
1019 1852 1080 1884 12.

902 1997 1099 2040 CXCIX.

79 2089 196 2130 Idem
235 2092 437 2142 promittit
472 2091 714 2130 Innocentio
757 2104 893 2142 papae
933 2092 1025 2141 IV„
1075 2103 1120 2130 se
1165 2092 1368 2131 ecclesiae
1413 2105 1464 2131 ac
1500 2093 1594 2143 γεμί
1630 2094 1920 2132 Romanorum

153 2158 373 2198 Willzelmo
405 2160 601 2197 assistere
632 2159 749 2197 velle.
811 2161 884 2198 Dc.
916 2160 960 2198 in
991 2161 1149 2199 Krems
1181 2160 1279 2200 XV.
1312 2161 1414 2199 Kal.
1450 2160 1655 2211 Octobris,
1695 2159 1846 2200 1253.

227 2248 517 2308 Sanctissimo
559 2268 666 2317 patri
705 2271 748 2307 et
790 2268 948 2308 domino
994 2270 1236 2308 Innocentio
1286 2269 1423 2309 diuina
1466 2270 1725 2321 prouidentia
1773 2273 1920 2310 sancte

80 2335 268 2374 Romane
308 2334 491 2373 ecclesie
537 2346 687 2374 summo
735 2334 936 2375 Pontifici.
1009 2336 1219 2376 Otakarus
1266 2338 1333 2376 dei
1381 2339 1533 2391 gracia
1580 2339 1750 2377 illustris
1796 2339 1918 2391 regis

81 2402 250 2440 Boemie
283 2400 402 2454 filius⁷
435 2402 519 2441 dux
549 2403 723 2442 Austrie
762 2407 803 2442 et
835 2404 965 2444 Stirie
998 2408 1039 2444 et
1071 2405 1263 2444 Mai-chio
1298 2405 1505 2459 Morauie‚
1539 2417 1630 2445 cum
1664 2406 1804 2445 debita
1846 2417 1917 2445 re-

80 2470 270 2508 uerentia
303 2469 449 2519 pedum
480 2470 622 2510 oscula
654 2471 878 2510 beatorum.
933 2471 1228 2525 significamus
1260 2475 1469 2513 sanctitati
1504 2478 1663 2526 vestre,
1697 2473 1804 2525 quod
1842 2485 1918 2512 nos

81 2536 134 2575 ad
165 2537 472 2588 requisitionem
510 2539 766 2578 venerabilis
810 2540 887 2579 viri
925 2538 1067 2580 fratris
1101 2541 1276 2580 Velasci
1319 2541 1475 2581 ordinis
1514 2540 1682 2582 fratrum
1723 2542 1917 2581 minorum
