2155 2928
1093 146 1198 186 330

225 291 381 330 ordinis
405 291 538 330 sancti
565 289 804 343 Augustini,
830 286 1114 327 olomucensis
1147 285 1343 339 diocesis,
1376 285 1546 325 salutem
1572 288 1614 324 et
1637 287 1901 337 apostolicam
1927 289 2060 330 bene-

225 358 453 398 dictionem.
517 357 618 398 Cum
659 369 683 395 a
724 356 841 395 nobis
885 355 1033 404 petitur
1064 353 1171 404 quod
1206 354 1351 392 iustum
1385 357 1450 392 est
1481 357 1523 393 et
1554 353 1784 408 honestum,
1825 359 1904 394 tam
1935 359 2061 411 uigor

225 427 431 479 equitatis,
465 438 581 476 quam
615 425 714 463 ordo
749 424 885 475 exigit
917 421 1102 473 rationis,
1146 425 1187 460 ut
1227 421 1264 459 id
1309 433 1384 472 per
1416 422 1730 461 sollicitudinem
1763 421 1882 462 officii
1917 426 2059 480 nostri,

225 494 276 533 ad
311 494 487 533 debitum
520 493 769 543 perducatur
801 490 998 528 effectum.
1047 489 1112 526 Ea
1146 493 1314 539 propter
1347 489 1498 528 dilecte
1531 490 1571 528 in
1597 488 1767 530 Christo
1791 489 1885 544 filie,
1909 494 2060 533 uestris

225 562 344 600 iustis
370 560 706 612 postulationibus
730 562 855 611 grato
881 560 1181 596 concurrentes
1204 568 1398 610 assensu,
1428 569 1569 597 omnes
1593 558 1823 612 libertates,
1857 562 1897 598 et
1922 560 2060 600 immu-

224 630 376 668 nitates
409 640 432 667 a
460 628 654 666 Romanis
681 623 946 664 Pontificibus
979 624 1354 675 predecessoribus
1389 626 1558 679 nostris,
1591 626 1683 664 siue
1715 637 1791 677 per
1823 627 2059 683 priuilegia,

225 707 301 735 seu
328 697 430 734 alias
457 695 751 747 indulgentias,
776 693 908 745 uobiS,
936 697 1006 731 aut
1031 694 1280 731 monasterio
1307 697 1449 732 uestro
1478 705 1722 747 concessaS,
1746 705 1909 734 necnon
1933 695 2060 735 liber-

226 768 333 804 tates
376 768 416 803 et
457 763 741 812 exemptiones
782 761 1029 800 secularium
1072 762 1355 814 exactionum,
1402 773 1426 800 a
1467 762 1665 815 Regibus
1706 766 1748 801 et
1785 762 2059 818 Principibus,

223 833 396 882 aliisque
421 830 573 871 Christi
606 828 807 881 fidelibuS,
841 829 1140 868 rationabiliter
1171 830 1291 868 uobis
1325 833 1395 869 aut
1418 829 1681 869 Monasterio
1711 830 1898 881 predicto
1925 830 2060 871 indul-

222 904 301 951 tas,
335 900 440 937 sicut
472 909 544 937 eas
578 899 683 935 iuste
716 908 766 935 ac
800 895 971 948 pacifice
1005 898 1214 950 obtinetis,
1253 898 1386 952 uobis,
1426 901 1468 937 et
1501 909 1575 949 per
1607 909 1699 952 uos,
1740 898 1871 938 eidem
1905 899 2059 939 Mona-

220 967 346 1005 sterio
397 966 641 1004 auctoritate
683 965 913 1014 apostolica
954 964 1260 1019 confirmamus,
1308 970 1350 1005 et
1397 968 1606 1016 presentis
1645 967 1788 1017 scripti
1831 968 2058 1017 patrocinio

220 1034 517 1072 communimus,
587 1033 695 1071 Nulli
738 1044 847 1086 ergo
891 1034 1050 1072 omnino
1093 1033 1293 1072 hominum
1333 1034 1470 1088 liceat,
1517 1034 1625 1073 hanc
1674 1036 1869 1088 paginam
1919 1039 2059 1076 nostre

220 1099 534 1140 confirmationis
575 1099 825 1154 infringere,
865 1101 931 1140 uel
972 1102 1009 1139 ei
1050 1114 1153 1140 ausu
1194 1103 1413 1140 temerario
1453 1103 1676 1141 contraire.
1745 1102 1888 1153 Siquis
1927 1107 2059 1143 autem

218 1169 295 1207 hoc
328 1172 570 1219 attemptare
605 1170 916 1221 presumpserit,
957 1168 1283 1223 indignationem
1325 1171 1612 1220 omnipotentis
1646 1170 1727 1224 dei,
1768 1175 1809 1210 et
1848 1171 2058 1211 beatorum

218 1237 331 1276 Petri
381 1241 422 1275 et
464 1237 594 1290 Pauli,
642 1238 917 1287 apostolorum
962 1239 1065 1291 eius,
1112 1248 1160 1276 se
1208 1239 1370 1276 nouerit
1419 1239 1690 1277 incursurum.
1764 1239 1914 1278 Datum
1952 1239 2058 1291 apud

218 1304 372 1344 Vrbem
405 1308 590 1344 ueterem
623 1305 755 1344 Nonis
788 1300 944 1345 Martii.
978 1304 1248 1345 Pontificatus
1282 1307 1411 1345 nostri
1445 1318 1553 1346 anno
1587 1306 1786 1346 secundo.

522 1403 577 1436 Ex
600 1404 789 1446 originali
811 1405 843 1439 in
867 1403 1002 1438 eodem
1025 1404 1202 1436 archivo.

980 1568 1289 1611 cccxxxv,

217 1669 334 1709 Idem
366 1671 559 1722 episcopo
593 1670 861 1711 olomucensi
891 1671 1073 1723 mandat,
1105 1675 1150 1710 ut
1178 1671 1428 1712 monialibus
1460 1671 1511 1711 de
1544 1671 1662 1713 Cella
1694 1675 1863 1712 sanetae
1891 1673 2058 1713 lilariae

216 1738 391 1778 Brunae
423 1738 660 1778 sacerdotes
692 1739 865 1778 idoneos
895 1752 975 1791 pro
1006 1741 1250 1779 necessitate
1282 1741 1494 1792 spirituali
1526 1740 1698 1792 deputet.
1757 1741 1915 1780 Datum
1947 1740 2059 1794 apud

628 1806 779 1848 Urbem
811 1810 1000 1859 veterem,
1034 1808 1096 1849 ΙΙ.
1130 1808 1248 1849 Idus.
1280 1809 1458 1860 Aprilis,
1499 1808 1650 1848 1262.

355 1896 574 1956 Vrbanus
607 1918 830 1968 episcopus
863 1929 1014 1957 seruus
1046 1930 1261 1959 seruorum
1294 1918 1374 1958 dei.
1437 1918 1683 1957 Venerabili
1715 1916 1834 1957 fratri
1866 1947 1877 1958 .
1911 1947 1921 1958 .
1953 1919 2057 1971 Epi-

218 1992 344 2033 scopo
384 1983 659 2023 Olomucensi.
730 1985 914 2025 Salutem
962 1990 1004 2025 et
1042 1987 1310 2037 apostolicam
1349 1986 1692 2026 benedictionem.
1754 1986 1867 2026 Vota
1907 1998 2056 2039 perso-

219 2062 358 2088 narum
407 2052 604 2092 humilium
653 2053 802 2092 diuinis
848 2054 1038 2093 laudibus
1080 2056 1353 2105 ascriptarum
1396 2066 1475 2106 que
1514 2053 1686 2093 fructum
1728 2055 1872 2094 salutis
1912 2059 2054 2094 eterne

219 2120 432 2157 continere
472 2122 755 2174 perspicimus,
802 2122 854 2160 ad
896 2121 1067 2161 effectus
1106 2124 1285 2176 gratiam
1327 2124 1392 2174 pio
1433 2123 1622 2176 dirigere
1661 2121 1805 2162 fauore
1847 2123 2053 2162 debemus.

218 2186 325 2223 Hinc
359 2191 423 2225 est
456 2188 559 2238 quod
595 2201 670 2228 nos
705 2190 867 2229 deuotis
901 2192 1097 2241 precibus
1119 2191 1357 2231 dilectarum
1390 2192 1431 2230 in
1457 2191 1612 2229 christo
1645 2189 1812 2229 tiliarum
1845 2219 1855 2229 .
1889 2220 1898 2230 .
1932 2190 2053 2230 Prio-

220 2254 325 2292 risse
358 2259 398 2293 et
424 2256 659 2295 Monialium
692 2258 940 2297 inclusarum
965 2260 1213 2298 Monasterii
1247 2259 1300 2297 de
1326 2258 1444 2299 Cella
1474 2261 1616 2297 sancte
1637 2259 1778 2297 Marie
1809 2259 1853 2297 in
1875 2259 2053 2298 Bruma

219 2321 371 2359 ordinis
400 2325 530 2361 sancti
559 2325 786 2378 mlgustini
816 2326 1102 2366 Olomucensis
1129 2327 1311 2365 diocesis
1345 2329 1593 2379 annuentes,
1626 2324 1922 2365 fraternitatem
1947 2329 2051 2365 tuam

221 2399 429 2442 rogamus,
463 2395 502 2429 et
534 2392 742 2431 hortamur
775 2398 945 2448 attente,
980 2406 1056 2446 per
1088 2395 1316 2445 apostolica
1357 2395 1428 2434 tibi
1469 2395 1625 2444 scripta
1658 2394 1914 2447 mandantes,
1947 2404 2050 2445 qua-

220 2454 324 2493 tinus
365 2457 474 2494 circa
515 2460 680 2498 easdem
715 2461 961 2501 priorissam
1002 2466 1043 2502 et
1076 2461 1333 2503 conuentum
1375 2474 1449 2513 pro
1490 2461 1627 2501 diuiiia
1669 2466 1711 2501 et
1752 2466 1894 2501 nostra
1926 2471 2050 2500 reue-

221 2522 365 2573 rentia,
406 2528 577 2572 paterne
618 2527 809 2582 dirigens
850 2529 1124 2584 benignitatis
1165 2529 1366 2584 affectum,
1409 2531 1471 2569 eis
1511 2541 1600 2569 cum
1641 2540 1769 2582 super
1806 2529 1885 2569 hoc
1924 2527 2049 2569 fueris
