2155 2928
925 137 1020 178 101

59 282 111 323 ad
141 280 294 324 Sedem
332 280 599 331 apostolicam
638 279 876 319 haberetur.
940 277 1081 326 Quare
1120 276 1194 317 fuit
1233 288 1288 317 ex
1325 279 1444 327 parte
1475 276 1656 327 ipsorum
1695 279 1817 331 regis
1850 282 1892 318 et

60 350 174 390 ducis
206 349 326 388 nobis
366 348 569 387 humiliter
600 348 882 401 supplicatum,
923 350 968 386 ut
999 358 1089 386 cum
1127 344 1355 384 huiusmodi
1393 344 1684 384 matrimonium
1726 345 1776 384 ad
1819 357 1891 385 se-

60 416 219 456 dandas
251 416 453 466 capitales
493 416 722 453 inimicitias
754 416 862 453 inter
901 418 1098 464 parentes
1131 417 1172 452 et
1206 413 1412 452 vassallos
1451 413 1666 463 utriusque
1708 414 1892 462 peccatis

60 484 331 537 exigentibus
370 472 448 521 iam
487 486 658 522 exortas
691 485 731 521 et
762 481 1023 521 reformanda
1060 482 1168 520 inter
1208 491 1283 520 eos
1322 481 1439 531 pacis
1478 478 1652 519 foedera
1685 481 1895 530 plurimum

61 555 271 605 operetur7
303 551 471 590 salubre
504 551 714 589 consilium
746 560 957 601 apponere
990 560 1242 588 curaremus.
1295 548 1577 588 Attendentes
1608 549 1753 602 igitur,
1787 547 1897 599 quod

60 631 224 673 urgens
255 619 490 658 necessitas
523 621 564 657 et
591 618 763 657 euidens
794 618 948 656 utilitas
978 616 1327 667 dispensationem
1359 618 1607 669 exposcunt,
1640 616 1692 655 de
1725 614 1896 654 fratrum

62 690 293 726 nostrorum
332 697 542 725 consensu
580 685 784 724 deuotioni
824 688 893 724 tue
939 684 1190 738 mandamus,
1229 686 1432 735 quatenus
1481 687 1653 734 recepta
1691 684 1805 735 prius
1844 683 1896 723 ab

65 754 221 794 eisdem
253 754 358 793 duce
396 756 438 792 et
468 756 564 792 nato
604 753 693 792 eius
727 756 767 792 et
798 753 851 791 A.
891 763 970 791 nec
1002 764 1084 791 non
1123 752 1174 791 ab
1209 752 1301 791 aliis
1342 762 1443 803 quos
1481 751 1639 791 vIderis
1679 751 1898 805 expedire,

66 821 118 861 de
151 821 385 861 assistendo
414 821 596 860 ecclesie
627 821 813 859 Romane
842 832 892 859 ac
926 820 1086 860 deuotis
1115 820 1204 859 eius
1229 823 1373 859 contra
1400 819 1668 859 Fredericum
1697 819 1900 871 quondam

65 890 351 940 imperatorem
383 899 433 927 ac
464 887 647 927 fautores
680 889 783 941 eius,
816 891 1110 938 persecutores
1149 889 1278 939 ipsius
1311 888 1510 940 ecclesie,
1541 888 1717 927 viriliter
1749 891 1790 927 et
1821 899 1900 938 pa-

66 960 217 1010 tenter,
250 968 301 995 ac
340 956 392 995 de
424 955 735 1006 perseuerando
774 955 1026 994 immobiliter
1064 957 1106 994 in
1145 955 1329 995 eiusdem
1367 956 1550 994 ecclesie
1589 955 1809 994 deuotione
1850 966 1901 994 ac

66 1023 160 1078 fide7
193 1028 274 1064 tam
313 1024 509 1063 iuratoria
549 1034 666 1074 quam
698 1024 779 1062 alia
818 1023 1035 1063 sufficienti
1076 1027 1117 1063 et
1155 1024 1306 1062 idonea
1349 1024 1555 1077 cautione,
1596 1035 1685 1062 cum
1728 1021 1901 1074 prefatis

67 1092 124 1132 V.
167 1095 208 1130 et
246 1092 299 1131 A.
339 1102 414 1142 per
453 1094 494 1130 te
533 1091 603 1130 vel
641 1102 716 1141 per
754 1092 873 1130 alium
919 1093 1162 1131 auctoritate
1200 1095 1358 1145 nostra,
1400 1092 1435 1130 si
1479 1091 1635 1131 videris
1684 1091 1902 1143 expedire,

71 1160 306 1213 dispenses,
340 1158 446 1210 quod
474 1158 526 1197 ad
557 1159 729 1197 inuicem
755 1159 1003 1198 contrahere
1027 1160 1186 1209 possint
1211 1160 1247 1198 si
1278 1159 1421 1212 velint„
1446 1159 1731 1210 impedimento
1757 1159 1904 1197 huius-

70 1228 175 1268 modi
206 1240 289 1266 non
321 1227 526 1266 obstante.
572 1226 669 1265 Dat.
702 1226 915 1281 Lugduni⁷
940 1227 1062 1267 XVI.
1093 1226 1309 1267 Kalendas
1340 1227 1602 1267 Decembris.
1634 1225 1904 1266 Pontificatus

72 1296 202 1335 nostri
234 1306 342 1335 anno
375 1297 511 1334 sexto.

197 1387 403 1439 EJusdem
443 1388 596 1426 tenoris
635 1386 745 1426 bulla
784 1387 840 1426 ad
876 1387 1047 1427 eundem
1087 1387 1225 1427 verbis
1263 1387 1521 1428 solummodo
1559 1388 1763 1442 „dilectus
1800 1385 1906 1427 filius

75 1455 251 1508 „nobilis
282 1455 348 1493 vir
380 1483 389 1493 .
423 1483 433 1493 .
466 1454 550 1493 dux
580 1455 821 1493 Karintliie’'
852 1456 896 1494 in
927 1457 1211 1510 77venerabilis
1243 1455 1375 1495 frater
1406 1460 1550 1495 noster
1581 1485 1592 1495 .
1625 1485 1635 1495 .
1670 1455 1908 1506 patriarcha

77 1522 432 1576 „Aquilegensis'7
463 1523 627 1561 „vittatis
659 1522 888 1573 additisque
914 1526 1009 1575 post
1039 1524 1236 1573 Affleelem
1260 1528 1453 1578 77neptem
1478 1525 1608 1575 ipsius
1633 1523 1907 1575 patriarche.⁷‘

75 1591 146 1631 Dt.
182 1590 399 1644 Lugduni7
431 1590 486 1630 X.
517 1590 731 1629 Kalendas
762 1591 942 1630 Ianuarii
974 1591 1180 1642 (1248).

382 1687 437 1720 Ex
470 1687 705 1728 apographo
732 1688 913 1729 Regesto
940 1689 1161 1721 Innocentii
1190 1689 1249 1722 IV.
1280 1690 1353 1721 anni
1381 1689 1439 1723 Vl.
1470 1690 1564 1731 epist.
1592 1687 1682 1722 310.
1713 1691 1745 1722 et
1769 1687 1856 1720 504.
1878 1688 1911 1721 in

485 1738 651 1769 tabulariis
675 1739 902 1771 Vaticanis.

874 1894 1117 1936 CXXXIII.

81 1994 199 2035 Idem
222 1995 435 2048 dispensat
458 2008 550 2035 cum
568 1996 829 2047 Marquardo
853 1996 903 2035 de
923 1997 1051 2036 Τιιιϊὶ
1067 1996 1288 2047 (Hi-adele)
1313 2000 1351 2036 et
1370 1996 1573 2038 Ludmila
1590 1997 1641 2036 de
1654 1997 1912 2050 Nowdomo,

131 2066 177 2102 ul
205 2065 249 2103 in
278 2064 538 2103 matrimonio
570 2066 778 2103 contracto
807 2066 970 2115 possint
1003 2077 1230 2104 remanere.
1292 2066 1364 2105 Dl.
1395 2065 1612 2117 Lugduni,
1643 2066 1730 2105 III.
1762 2066 1867 2106 Idus

777 2131 1037 2183 Decembris,
1076 2132 1224 2173 1248.

254 2221 531 2282 Innocentius
572 2241 794 2292 episcopus
832 2253 982 2281 seruus
1020 2253 1233 2282 seruorum
1270 2242 1349 2282 dei.
1412 2243 1663 2283 Venerabili
1702 2242 1819 2283 fratri
1859 2273 1869 2283 .
1903 2273 1913 2283 .

85 2308 282 2358 episcopo
308 2308 533 2347 Vironensi
550 2312 628 2347 etc.
659 2309 729 2348 Ex
757 2313 874 2360 parte
903 2310 1039 2349 dilecti
1064 2308 1129 2349 filii
1154 2310 1302 2349 nobilis
1326 2312 1408 2350 viri
1430 2311 1683 2363 Marquardi
1706 2311 1757 2350 de
1783 2312 1913 2352 Thur.

20 2382 21 2412 i
85 2373 159 2414 fuit
197 2375 316 2414 nobis
357 2374 558 2414 humiliter
596 2376 875 2430 supplicatum,
914 2380 958 2417 ut
995 2389 1083 2416 cum
1123 2378 1229 2418 idem
1271 2390 1359 2418 cum
1399 2380 1524 2419 nobili
1564 2380 1733 2419 muliere
1763 2379 1914 2420 Lude-

85 2443 198 2481 mina
232 2443 345 2493 [sic]
371 2442 654 2483 olomucensis
687 2444 879 2497 diocesis7
904 2445 1033 2495 ipsum
1060 2447 1333 2500 contingente
1357 2451 1502 2498 quarto
1527 2446 1734 2487 affinitatis
1761 2448 1915 2502 gradu,

87 2511 383 2551 matrimonium
422 2512 463 2551 in
502 2509 609 2552 facie
646 2512 828 2553 ecclesie
867 2513 1031 2554 duxerit
1068 2515 1403 2570 contrahendum,
1444 2519 1486 2557 et
1520 2517 1598 2557 iam
1636 2516 1821 2568 pluribus
1859 2527 1915 2557 ex
