2155 2928
926 160 1031 201 369

59 298 308 351 sepedictum
340 297 537 350 predium,
575 308 652 337 seu
684 298 837 338 curiam
870 301 1146 342 venderemus
1178 304 1424 354 Haymanno
1457 307 1535 345 ciui
1568 308 1811 363 Iglauiensi,
1846 312 1886 350 in

57 369 145 419 ipso
177 369 402 418 contractu,
435 365 652 403 euidenter
685 368 969 416 expressimus
997 371 1058 408 ius
1084 374 1125 408 et
1149 373 1486 412 consuetudinem
1520 376 1649 424 predii
1683 379 1887 425 prenotati

58 438 135 475 tam
167 435 206 472 in
239 444 383 485 censu,
416 443 533 483 quam
565 434 604 471 in
638 432 820 487 decimiS,
853 446 950 474 esse
984 438 1271 478 inuiolabiliter
1303 441 1618 480 obseruandam.
1666 443 1731 481 Ne
1759 444 1888 496 igitur

57 513 182 553 super
212 500 438 540 huiusmodi
473 500 710 539 venditione
743 502 824 541 litis
855 506 987 553 possit
1011 507 1180 545 materia
1212 507 1403 561 suboriri,
1436 513 1657 558 presentes
1681 512 1888 550 conscribi

57 569 238 621 fecimus,
279 571 321 606 et
361 568 490 621 sigilli
525 569 652 607 nostri
687 570 902 609 munimine
936 573 1137 611 roborari.
1199 574 1396 613 'restibus
1436 576 1680 630 subnotatis,
1722 588 1888 627 quorum

57 638 135 679 hec
166 640 262 676 sunt
294 637 466 675 nomina.
515 636 754 676 Fridericus
788 638 839 676 de
874 638 1045 693 Goding
1070 641 1194 680 iudex
1219 644 1498 695 prouincialis,
1532 644 1715 683 dominus
1741 645 1891 684 Fride-

60 707 169 746 ricus
214 704 495 754 subpincerna
541 704 697 757 Regis,
737 705 1024 760 Eberhardus,
1068 709 1229 762 Preslo,
1282 710 1546 764 Swellarius,
1600 701 1889 766 perengerus,

59 774 210 813 Hiruso
243 773 359 811 ciues
393 772 652 811 Brunenses.
716 773 825 812 Acta
866 778 961 813 sunt
1008 775 1085 814 hec
1131 777 1252 816 Anno
1298 777 1456 816 Domini
1497 779 1555 818 M.
1590 778 1677 820 CC.
1710 780 1888 818 LX1111.

59 841 132 881 lv.
161 840 379 879 Kalendas
411 840 514 879 Iulii.

359 937 412 968 Ex
435 937 661 969 Annalibus
685 937 792 970 MSS.
817 938 994 980 ejusdem
1017 943 1201 972 monasterii
1225 944 1257 973 et
1280 943 1350 973 aliis
1375 944 1515 984 copiis.

818 1102 1117 1145 CCCLXVII.

56 1204 267 1256 Premysl,
309 1216 393 1243 rex
432 1205 636 1244 Boit'miae
682 1208 720 1244 et
762 1206 951 1245 marchio
996 1208 1235 1258 Mor-aviae,
1281 1210 1530 1247 monasterio
1579 1208 1885 1249 Tighowicensz·

57 1273 193 1312 villam
218 1271 381 1312 Lulcow
404 1271 590 1321 (latha),
614 1286 689 1324 per
715 1274 1002 1313 Drahoslaum
1028 1276 1193 1313 militem
1219 1276 1415 1314 violenter
1445 1275 1634 1327 ablatam,
1662 1276 1885 1328 adjudicat.

460 1341 532 1379 ΠΙ.
568 1340 789 1391 Οἱοηιαοὶἱ,
823 1341 890 1380 die
925 1342 998 1381 10.
1033 1342 1290 1393 Novembris,
1331 1343 1478 1382 1264.

219 1430 278 1491 In
311 1450 472 1488 nomine
505 1454 653 1489 sancte
695 1454 736 1490 et
777 1451 984 1490 indiuidue
1023 1452 1214 1491 trinitatis
1254 1464 1383 1491 amen.
1445 1453 1533 1491 Nos
1566 1453 1784 1503 Premyzel
1817 1453 1883 1492 dei

56 1518 203 1571 gracia
236 1529 314 1556 rex
347 1518 533 1557 bohemie
568 1518 653 1557 dux
686 1519 857 1558 Austrie
890 1520 1115 1570 Styrieque
1153 1531 1201 1558 ac
1236 1521 1414 1559 marchio
1447 1521 1639 1559 Morauie
1671 1525 1749 1558 tam
1785 1532 1883 1570 pre-

57 1586 238 1625 sentibus
279 1597 396 1637 quam
431 1585 576 1625 suturis
611 1587 915 1637 imperpetuum.
979 1587 1178 1635 Quoniam
1212 1599 1262 1626 ea
1295 1599 1372 1638 que
1406 1587 1512 1637 apud
1545 1588 1738 1626 mortales
1771 1586 1882 1626 facta

55 1658 256 1707 geruntur
288 1655 339 1692 ab
374 1666 514 1693 eorum
546 1657 739 1693 memoria
773 1655 987 1693 obliuionis
1015 1655 1150 1693 nubilo
1175 1653 1361 1693 facillimo
1391 1653 1577 1693 facillime
1602 1655 1885 1694 subducuntur

55 1721 128 1759 nisi
168 1722 306 1772 scripti
347 1723 574 1761 tenacitate
622 1721 773 1761 suerint
821 1723 1030 1761 roborata.
1095 1723 1156 1760 Ea
1196 1727 1361 1772 propter
1399 1723 1699 1775 generositatis
1742 1727 1884 1761 nostre

56 1789 276 1842 gloriosam
310 1791 516 1828 intuentes
552 1792 783 1841 prosapiam
825 1794 865 1829 et
898 1790 1065 1829 honoris
1099 1790 1289 1828 diuinitus
1323 1790 1550 1839 ampliatam
1583 1790 1758 1827 leticiam
1791 1801 1881 1828 eum

55 1856 119 1907 qui
152 1868 289 1911 regna
321 1861 436 1896 tenet
468 1858 601 1908 olimpi
635 1858 833 1897 habemus
867 1870 917 1897 eo
951 1859 1120 1908 amplius
1153 1859 1341 1896 reuereri
1374 1862 1415 1896 ut
1447 1857 1537 1895 dum
1569 1857 1688 1895 nobis
1713 1857 1884 1896 munda-

53 1934 190 1963 narum
223 1936 358 1964 rerum
400 1929 442 1964 et
481 1925 725 1978 dignitatum
766 1925 1013 1964 affluentiam
1055 1927 1279 1976 impertitur
1319 1929 1359 1963 et
1391 1926 1600 1963 celestium
1633 1925 1883 1977 gaudiorum

55 1993 238 2044 graciam
270 1993 491 2046 largiatur.
538 1994 742 2033 Nouerint
786 1994 916 2046 igitur
949 1998 1168 2043 presentes
1200 1998 1240 2031 et
1273 1991 1393 2031 futuri
1429 1993 1502 2031 lias
1528 1993 1686 2030 litteras
1713 1993 1882 2041 inspec-

54 2060 131 2098 turi
162 2060 268 2111 quod
300 2061 529 2100 Abbatissa
562 2061 769 2112 Elyzabet
806 2063 964 2099 nomine
1004 2061 1365 2099 sanctimonialium
1399 2060 1553 2098 ordinis
1587 2058 1885 2099 Cisterciensis

54 2126 96 2165 in
133 2132 248 2178 porta
287 2129 365 2167 celi
406 2129 511 2180 quod
556 2130 685 2182 uulgo
723 2130 947 2168 Tusnowe‘z
987 2129 1133 2167 dicitur
1172 2141 1259 2167 cum
1302 2128 1468 2178 reliquis
1508 2127 1885 2165 sanctimonialibus

55 2195 260 2235 accedens
293 2197 343 2235 ad
379 2199 628 2247 presentiam
663 2201 843 2235 nostram
877 2208 965 2235 cum
999 2197 1145 2235 iudicio
1180 2195 1482 2245 presidet-emus
1517 2195 1554 2232 in
1581 2193 1777 2233 Olomunz
1801 2205 1883 2232 una

55 2272 140 2300 cum
166 2263 322 2303 domino
348 2265 610 2315 B.[runone]
637 2265 732 2304 dicti
761 2265 841 2303 loci
869 2265 1050 2302 antistite
1083 2275 1132 2302 ac
1157 2263 1380 2302 baronibus
1414 2262 1602 2300 bohemie
1628 2265 1669 2300 et
1693 2262 1887 2300 Morauie

55 2329 254 2369 nobilibus
293 2333 332 2370 in
373 2330 480 2371 sesto
514 2333 625 2371 beati
657 2332 828 2371 Martini
871 2332 1098 2370 correcturi
1138 2334 1250 2369 terre
1290 2330 1407 2369 nobis
1445 2330 1634 2368 subiecte
1672 2328 1887 2368 obstacula

55 2396 280 2448 multiplicia
313 2401 604 2451 querimoniam
639 2401 762 2439 mouit
795 2400 846 2438 de
881 2399 976 2438 villa
1009 2400 1183 2438 Luc-ove
1215 2401 1450 2448 nuncupata
1483 2408 1558 2447 per
1589 2396 1883 2436 Drakozlaum

55 2465 209 2504 militem
250 2472 431 2507 nostrum
471 2469 549 2507 sibi
591 2468 798 2507 violenter
845 2468 996 2506 ablata.
1066 2467 1215 2505 Dictus
1257 2477 1361 2504 vero
1401 2465 1515 2504 miles
1555 2465 1797 2514 eclipticare
1838 2474 1886 2502 se

55 2534 236 2573 sentiens
273 2536 363 2574 iure
396 2536 588 2575 obuiandi
621 2536 802 2575 aduerse
846 2535 951 2585 parti
994 2534 1182 2573 nobilium
1223 2533 1394 2572 consilio
1435 2544 1598 2572 suarum
1638 2542 1887 2583 suorumque

1613 2599 1680 2638 47
