2155 2928
1073 185 1274 245 146*

200 344 303 385 quas
336 332 519 372 dominus
551 330 599 370 P.
631 328 824 370 Marchio
857 336 984 376 super
1016 324 1162 364 eadem
1194 335 1324 363 causa
1356 325 1396 363 in
1428 324 1508 363 hec
1536 325 1668 364 uerba
1703 325 1821 364 nobis
1860 326 2041 377 scripsit.

202 402 251 441 In
280 400 450 442 Christo
479 399 591 452 patri
615 395 865 438 Reuerendo
896 393 1063 432 domino
1087 393 1142 431 B.
1173 391 1442 431 olomucensi
1463 392 1694 444 Episcopo.
1719 393 1775 432 P.
1805 393 1873 432 dei
1892 395 2042 445 ,qracia

200 468 398 509 Mar-chio
429 467 636 507 Morauie.
700 464 806 505 Cum
844 461 977 501 debila
1008 460 1244 499 reuerentia
1280 462 1474 511 paratam
1512 460 1570 499 ad
1608 462 1753 512 queuis
1790 460 2043 513 beneplacita

199 537 449 576 uoluntatem
479 534 778 574 Palernilalem
801 532 982 569 uestram
1008 527 1243 578 roqcmdom
1269 527 1472 567 dussimus
1504 529 1616 568 omni
1645 541 1820 581 precum
1850 530 2044 571 instanlia

200 617 280 656 qua
311 604 513 643 ualemus.
545 601 736 653 quatinus
761 598 910 637 dilecto
942 596 1160 648 capellano
1186 599 1343 635 nostro.
1376 595 1543 635 domino
1575 595 1723 637 Abbati·
1762 597 1814 637 de
1844 597 2043 639 Bruclclze

200 671 252 710 de
282 671 480 711 Ecclesia
511 670 555 708 in
589 666 835 707 Prosmeriz
858 676 979 715 quam
1012 676 1038 703 α
1068 663 1438 716 predecessoribus
1463 665 1620 704 nostris
1653 666 1859 705 collatam.
1898 665 2043 707 domus

200 742 238 778 et
269 738 506 780 Conventus
537 736 619 775 Ioci
649 733 863 773 memorati
893 732 1033 771 mullis
1066 733 1188 771 annis
1220 733 1352 783 quiete
1390 745 1441 772 ac
1470 733 1647 785 pacifice
1676 733 1874 785 possedit.
1912 736 2044 776 nostri

200 808 360 846 seruitii
391 808 429 844 el
456 807 595 843 nostre
626 801 869 841 dileccionis
902 801 1049 839 intuitu
1080 801 1288 839 iusticiam
1325 801 1511 853 facialis.
1578 802 1736 840 Datum
1774 802 1820 840 in
1851 801 2044 842 Znolaem

201 885 310 913 auno
333 873 490 912 domini
508 871 734 910 Millesimo
761 869 1059 908 Ducentesimo
1086 868 1169 907 LI.
1216 869 1309 908 Hac
1340 869 1470 908 eciam
1501 868 1554 908 de
1586 880 1716 908 causa
1740 870 1836 920 quia
1862 869 2044 911 dominus

202 942 394 982 Marchio
413 938 709 990 presentationi
728 947 808 988 que
826 940 961 976 tamen
981 936 1129 975 nullum
1148 936 1227 975 sibi
1250 937 1314 976 ius
1331 936 1472 976 tribuit
1489 948 1579 976 cum
1596 948 1801 988 nunquam
1818 937 2044 988 spiritualia

201 1010 433 1060 recepisset
456 1018 529 1058 per
548 1005 654 1045 hauc
673 1005 851 1044 litteram
873 1004 1029 1044 cedere
1049 1005 1281 1044 videbatur.
1305 1005 1357 1044 ad
1383 1006 1640 1044 sentenciam
1665 1004 1931 1045 ditl'initiuam.
1955 1005 2043 1046 eius

200 1077 438 1116 absenciam
474 1074 613 1113 diuina
643 1073 834 1124 replente
873 1074 1087 1124 presentia
1127 1074 1420 1124 processimus.
1463 1073 1698 1125 dictamque
1730 1073 1966 1113 Ecclesiam
2004 1074 2045 1114 in

199 1144 433 1184 Prosmeriz
466 1141 626 1193 prefato
660 1142 798 1193 Spere
833 1141 1139 1181 sententialiter
1175 1141 1514 1181 abiudicauimus.
1548 1145 1591 1181 et
1623 1142 1779 1181 Abbati
1819 1141 2044 1193 sepedicto.

199 1223 357 1264 suoque
380 1211 641 1251 Monasterio
661 1214 703 1250 et
727 1211 949 1250 conuentui
971 1214 1050 1249 tam
1067 1212 1108 1249 in
1126 1210 1408 1261 spiritualibus
1428 1221 1549 1261 quam
1570 1210 1867 1260 temporalibus
1884 1209 2044 1250 adiudi-

201 1282 383 1320 cauimus
402 1280 522 1331 pleno
542 1280 631 1318 iure
648 1282 865 1330 prenotato
883 1278 1022 1329 Spere
1039 1279 1090 1318 ab
1108 1279 1358 1329 inpeticione
1376 1278 1558 1330 qualibet
1572 1279 1776 1318 silentium
1788 1279 2044 1329 inponentes.

198 1349 244 1388 In
278 1350 394 1387 cuius
420 1348 481 1387 rei
514 1348 787 1387 testimonium
811 1350 1049 1398 presentem
1082 1347 1213 1401 sigilli
1236 1348 1366 1386 nostri
1399 1348 1616 1386 munimine
1648 1347 1841 1386 iussimus
1872 1346 2046 1387 litteram

199 1417 399 1457 roborari.
460 1417 610 1456 Actum
642 1417 683 1455 in
717 1415 863 1456 Ghelz.
897 1416 1020 1455 Anno
1054 1415 1200 1455 domini
1234 1416 1455 1455 Millesimo
1487 1415 1787 1455 Ducentesimo
1819 1415 1870 1456 L.
1901 1415 1958 1455 1..

402 1485 456 1518 Ex
484 1484 679 1526 originali
710 1486 953 1517 monasterii
978 1485 1181 1516 Lucensis
1207 1483 1373 1526 duplici,
1402 1485 1438 1515 in
1468 1494 1628 1526 quorum
1651 1484 1781 1515 altero
1804 1485 1898 1524 post
1920 1483 2045 1525 „silen-

505 1529 580 1559 tium
603 1528 827 1568 inponentes.''
859 1528 955 1558 sinis
985 1529 1045 1559 sic
1074 1527 1203 1559 audit:
1236 1528 1351 1569 „Visis
1382 1529 1477 1559 etiam
1505 1528 1726 1558 instrumentis
1757 1526 1991 1558 sufficientibus
2014 1527 2045 1558 et

504 1569 653 1611 ydoneis.
677 1572 740 1601 tam
765 1579 806 1601 ex
830 1573 928 1611 parte
951 1569 1067 1601 domini
1097 1569 1232 1602 Otakari
1258 1570 1471 1601 Boliemorum
1493 1570 1598 1611 Regis
1622 1571 1675 1611 qui
1703 1569 1952 1610 Iuspatronatus
1975 1569 2046 1601 Ec-

505 1613 608 1644 clesie
636 1614 667 1643 in
696 1612 882 1644 Prosmeriz
906 1613 1014 1644 abbati
1044 1616 1075 1644 et
1105 1611 1284 1644 Conuentui
1312 1613 1474 1644 Lucensis
1508 1612 1714 1644 Monasterii.
1744 1611 1866 1643 ordinis
1890 1612 2046 1643 Premen-

506 1657 681 1687 stratensis
705 1655 824 1688 tribuit.
850 1658 881 1687 et
905 1657 1080 1686 concessit.
1104 1665 1196 1697 quam
1219 1665 1259 1686 cx
1283 1657 1376 1695 parte
1400 1654 1517 1686 domini
1538 1654 1690 1695 Gregorii
1714 1664 1810 1695 pape.
1835 1655 1888 1696 qui
1912 1657 1944 1685 et
1967 1654 2044 1694 ipsis

506 1700 748 1739 iuspatronatus
774 1697 920 1729 eiusdem
938 1699 1095 1730 Ecclesie
1119 1698 1328 1729 confirmauit.
1352 1706 1415 1739 que
1438 1697 1481 1729 ad
1509 1699 1662 1729 maiorem
1693 1696 1944 1728 declarationem
1968 1705 2045 1737 pre-

505 1741 651 1772 sentibus
680 1741 815 1772 fecimus
846 1743 1002 1772 annotari.
1026 1740 1175 1782 predicto
1207 1741 1326 1772 abbati.
1350 1750 1474 1781 suoque
1506 1739 1694 1771 Conuentui.
1725 1749 1764 1771 ac
1794 1749 1902 1770 corum
1925 1738 2046 1770 Mona-

505 1785 606 1814 sterio
632 1783 768 1814 eandem
793 1784 967 1814 ecclesiam
991 1794 1062 1815 cum
1087 1786 1154 1814 iure
1178 1783 1326 1824 predicto
1356 1783 1592 1814 sententialiter
1621 1781 1854 1814 adiudicamns.
1884 1782 1944 1812 sub
1967 1790 2047 1813 ana-

506 1826 656 1857 thematis
686 1828 941 1857 interminatione
972 1826 1152 1858 districtius
1183 1826 1376 1857 inhibentes,
1404 1835 1446 1857 ne
1475 1827 1547 1867 quis
1577 1827 1607 1856 in
1638 1835 1746 1856 eorum
1777 1824 1988 1865 preiudicium
2016 1825 2047 1855 et

505 1878 696 1910 grauamen.
728 1870 759 1899 in
794 1870 1057 1909 iurepatronatus
1090 1868 1235 1900 eiusdem
1270 1869 1425 1899 Ecclesie
1461 1870 1632 1909 quicquam
1665 1867 1819 1899 dccetero
1855 1869 2045 1908 attemptare

507 1913 683 1952 presumat.
707 1911 825 1942 Actum
846 1913 876 1942 iu
897 1912 1002 1943 Ghelz
1026 1912 1121 1943 Anno
1135 1911 1250 1942 domini
1267 1911 1316 1942 M.
1334 1910 1400 1943 CC.
1418 1911 1474 1942 hl.
1498 1912 1571 1942 Hec
1589 1913 1694 1942 autem
1714 1913 1788 1941 sunt
1804 1908 2044 1941 instrumenta.’'

509 1954 662 1993 Quarum
674 1956 774 1995 prius
788 1956 908 1986 videas
925 1955 988 1986 sub
1012 1965 1047 1986 n.
1067 1954 1260 1986 CLXVIII.
1285 1956 1367 1986 {mni
1388 1955 1556 1993 seomidi]
1580 1954 1731 1985 alterum
1753 1963 1832 1984 vero
1854 1954 1905 1984 sic
1928 1953 2045 1984 uudz't:

509 1996 716 2038 „Gregorius
741 1999 917 2037 episcopus
942 2007 1058 2027 seruus
1083 2006 1250 2027 seruorum
1281 1996 1344 2027 (lei.
1383 1996 1522 2027 Dilectis
1552 1996 1623 2027 siliis
1643 2018 1649 2026 .
1672 1996 1804 2026 .abbati
1829 1997 1860 2026 et
1879 1994 2045 2026 conuentui

506 2041 692 2070 monasterii
725 2039 898 2071 Lucensis
927 2041 1236 2080 premonstratensis
1266 2039 1388 2070 ordinis
1418 2037 1644 2070 olomucensis
1673 2037 1828 2069 diocesis.
1852 2038 1987 2069 salutem
2015 2038 2045 2067 et

507 2083 719 2122 apostolicam
749 2081 1014 2113 benedictionem.
1061 2081 1139 2113 Cum
1168 2091 1188 2113 a
1217 2082 1308 2112 nobis
1340 2083 1458 2122 petitur
1482 2080 1567 2122 quod
1597 2082 1711 2111 iustum
1737 2083 1788 2111 est
1816 2082 1847 2111 et
1870 2080 2044 2110 honestum.

509 2126 572 2155 tarn
596 2126 690 2165 vigor
708 2126 857 2167 equitatis
877 2134 969 2165 quam
989 2124 1068 2155 ordo
1093 2126 1195 2166 exigit
1214 2125 1359 2156 rationis.
1384 2126 1417 2154 ut
1433 2123 1463 2154 id
1489 2133 1548 2164 per
1570 2122 1818 2154 sollicitudinem
1834 2122 1929 2153 officii
1949 2121 2045 2152 nostri

508 2166 550 2197 ad
575 2167 714 2198 debitum
745 2167 942 2207 perducatur
966 2167 1124 2199 effectum.
1168 2167 1356 2207 Eapropter
1385 2166 1493 2197 dilecti
1523 2168 1553 2197 iu
1583 2165 1708 2196 domiuo
1732 2166 1785 2196 tilii
1809 2167 1932 2196 uestris
1956 2165 2044 2195 iustis

510 2210 778 2249 postulationilms
809 2212 905 2249 grato
931 2212 1163 2241 concurrentes
1188 2219 1349 2240 consensu
1371 2211 1419 2240 ius
1447 2211 1635 2249 patronatus
1667 2208 1708 2239 de
1738 2207 1922 2239 Prz'mele'z.
1953 2205 2044 2237 etde

509 2251 722 2284 Pr‹›sn1e1·1'·z.
747 2253 970 2284 ecclesiarum.
986 2252 1071 2294 quod
1096 2254 1284 2284 carissimus
1309 2254 1339 2283 in
1353 2251 1484 2284 Christo
1509 2252 1591 2283 tilius
1614 2253 1726 2282 noster
1742 2251 1956 2281 Boilenlorum
1976 2249 2044 2280 Rex

509 2294 655 2326 illustris.
686 2298 760 2326 tunc
791 2298 945 2335 patronus
974 2297 1117 2336 ipsarum
1147 2295 1342 2326 venerabilis
1372 2295 1482 2326 fratris
1516 2295 1617 2325 nostri
1646 2292 1870 2325 olomucensis
1901 2291 2043 2333 episcopi

511 2336 677 2368 diocesani
701 2339 843 2378 ipsarum
867 2340 899 2368 et
919 2338 1050 2378 capituli
1073 2339 1123 2369 sui
1147 2337 1327 2368 accedente
1351 2346 1522 2368 consensu.
1540 2337 1735 2367 monasterio
1760 2338 1869 2366 uestro
1888 2337 1941 2375 pia
1962 2334 2044 2364 libe-

509 2380 637 2410 ralitate
661 2382 836 2411 concessit.
859 2382 944 2411 sicut
967 2380 1044 2412 illud
1073 2382 1158 2412 iuste
1182 2389 1221 2411 ac
1252 2380 1387 2420 pacifice
1411 2380 1573 2411 obtinetis.
1603 2379 1694 2410 uobis
1720 2380 1752 2409 et
1781 2387 1840 2419 per
1862 2387 1921 2409 uos
1945 2375 2044 2408 eidem

510 2425 704 2453 monasterio
728 2424 919 2454 auctoritate
943 2424 1124 2464 apostolica
1141 2423 1364 2454 confirmamus
1389 2424 1418 2453 ei
1436 2423 1599 2463 presentis
1623 2423 1737 2462 scripti
1755 2421 1932 2461 patrocinio
1956 2427 2044 2450 com-

511 2466 676 2495 munimus.
721 2466 809 2496 Nulli
834 2474 912 2506 crgo
937 2468 1060 2497 omnino
1085 2466 1242 2496 hominum
1266 2466 1362 2496 liceat
1386 2465 1468 2496 hane
1492 2466 1643 2506 paginam
1668 2466 1778 2495 nostre
1801 2461 2043 2494 confirmationis

513 2506 687 2547 iufringere
715 2508 767 2538 uel
802 2509 833 2539 ei
860 2518 941 2539 ausu
972 2510 1141 2539 temerario
1173 2510 1344 2539 contraire.
1390 2507 1428 2539 Si
1465 2509 1536 2548 quis
1575 2510 1680 2538 autem
1721 2506 1783 2537 hoc
1814 2503 2044 2546 presumpserit

513 2550 713 2588 attemptare.
732 2550 979 2590 indignationem
996 2553 1219 2590 omnipotentis
1244 2550 1295 2581 dei
1316 2554 1347 2582 et
1370 2551 1534 2581 beatorum
1557 2549 1646 2581 Petri
1671 2551 1702 2580 et
1718 2548 1809 2580 Pauli
1833 2547 2044 2588 apostolorum

516 2591 584 2619 eius
607 2600 644 2621 sc
668 2594 791 2623 nouerit
816 2595 1025 2625 incursurum.
1060 2594 1176 2625 Datum
1202 2594 1354 2624 Laterani
1384 2594 1441 2624 Vl.
1474 2592 1586 2624 Nonas
1611 2592 1692 2624 Iulii.
1715 2591 1924 2623 Pontificatus
1947 2587 2044 2620 nostri

517 2640 597 2662 anno
621 2635 889 2673 quintodecinto.”
