2155 2928
1104 152 1211 192 324

238 301 422 352 rationis7
457 304 498 338 ut
523 299 559 337 id
586 309 659 348 per
683 294 991 336 sollicitudinem
1021 292 1140 331 0111011
1164 291 1294 331 nostri
1318 290 1369 329 ad
1396 290 1573 330 debitum
1598 290 1851 341 perducatur
1875 293 2069 336 effectum.

237 370 300 409 Ea
335 372 503 419 propter
543 367 679 405 dilecti
712 367 750 403 in
784 364 940 402 domino
980 359 1044 399 filii
1085 360 1238 398 uestris
1278 359 1396 398 iustis
1430 359 1770 408 postulationibus
1810 367 1934 414 grato
1967 374 2068 403 con-

237 442 456 476 currentes
490 446 681 485 assensu⁷
721 441 860 470 omnes
893 430 1108 468 libertates
1148 431 1189 466 et
1222 427 1494 466 immunitates
1526 439 1551 466 a
1584 428 1781 466 Romanis
1815 428 2068 478 pontificibus

238 502 612 556 predecessoribus
651 500 801 538 nostris
842 498 932 535 siue
977 507 1051 546 per
1096 494 1320 547 priuilegia
1360 505 1435 533 seu
1482 495 1587 533 alias
1630 495 1915 548 indulgentias
1953 499 2068 538 uobis

238 576 308 611 aut
339 570 585 609 monasterio
618 572 757 605 uestro
791 575 1035 615 concessas,
1069 573 1231 601 necnon
1264 562 1479 601 libertates
1514 566 1555 601 et
1588 564 1874 612 exemptiones
1905 566 2070 606 secula-

238 641 338 677 rium
372 638 628 676 exactionum
661 647 685 673 a
719 633 894 685 regibus
919 636 959 670 et
992 630 1244 681 principibus
1278 629 1453 680 aliisque
1481 628 1638 669 Christi
1672 629 1858 669 fidelibus
1890 632 2070 672 rationa-

240 706 375 745 biliter
407 705 523 743 uobis
564 707 632 741 aut
664 699 911 739 monasterio
952 699 1138 748 predicto
1173 698 1366 748 indultas,
1405 701 1544 737 terras
1577 709 1741 749 quoque
1780 700 2070 748 possessiones

238 773 422 812 redditus
455 771 635 809 decimas
668 769 806 807 domos
840 770 882 806 et
914 767 994 805 alia
1027 766 1136 804 bona
1162 770 1319 819 uestra,
1355 766 1462 804 sicut
1494 777 1544 804 ea
1571 767 1704 804 omnia
1737 767 1845 805 iuste
1877 779 1927 806 ac
1959 769 2071 818 paci-

237 838 313 878 fice
346 839 535 878 obtinetis
568 836 685 874 uobis
711 839 752 873 et
785 845 859 884 per
890 845 966 873 uos
999 833 1130 872 eidem
1155 835 1405 872 monasterio
1440 835 1688 872 auctoritate
1711 835 1938 884 apostolica
1971 846 2071 876 con-

236 906 435 946 firmamus
476 909 516 943 et
555 904 762 954 presentis
805 904 947 952 scripti
989 902 1218 953 patrocinio
1266 902 1566 940 communimus.
1628 900 1759 941 Salua
1801 903 1840 941 in
1879 902 2072 952 predictis

237 975 402 1013 decimis
435 971 713 1010 moderatione
746 970 908 1009 concilii
941 970 1171 1023 generalis.
1234 969 1344 1007 Nulli
1385 980 1494 1022 ergo
1529 970 1689 1007 omnino
1721 969 1922 1008 hominum
1953 970 2073 1011 liceat

236 1041 341 1080 hanc
376 1041 570 1092 paginam
604 1042 744 1077 nostre
785 1036 1101 1076 confirmationis
1135 1035 1371 1090 infringere
1412 1037 1479 1075 uel
1512 1037 1550 1075 ei
1583 1048 1688 1076 ausu
1720 1038 1941 1076 temerario
1972 1048 2073 1077 con-

235 1109 374 1147 traire.
437 1107 578 1158 Siquis
619 1110 754 1145 autem
794 1106 872 1145 1100
906 1110 1152 1155 attemptare
1193 1105 1492 1155 presumpserit
1530 1105 1860 1158 indignationem
1893 1106 2073 1156 omnipo-

236 1177 357 1215 tentis
383 1175 449 1214 dei
476 1179 516 1213 et
541 1175 751 1213 beatorum
777 1174 893 1212 Petri
918 1177 958 1212 et
982 1173 1099 1212 Pauli
1128 1174 1403 1223 apostolorum
1430 1174 1519 1212 eius
1547 1184 1595 1212 se
1620 1174 1780 1212 nouerit
1809 1174 2073 1214 incursurum.

236 1244 384 1283 Datum
418 1242 524 1293 apud
559 1243 889 1281 vrbemueterem
921 1241 1019 1280 ldus
1043 1242 1224 1280 Ianuarii
1272 1239 1542 1280 Pontificatus
1575 1241 1705 1280 nostri
1738 1253 1846 1280 anno
1879 1241 2072 1282 secundo.

540 1348 595 1380 Ex
619 1348 809 1390 originali
833 1349 863 1379 in
886 1357 998 1379 museo
1024 1348 1239 1379 Brunensi.

1020 1510 1304 1553 CCCXXXI.

239 1613 355 1653 Idem
390 1613 677 1666 fundationem
714 1615 958 1653 monasterii
994 1614 1206 1654 Zurensis
1248 1614 1478 1666 confirmat,
1517 1614 1687 1665 ejusque
1716 1614 1838 1665 jura,
1878 1612 2077 1652 libertates

298 1684 337 1721 et
364 1682 534 1733 requlas
566 1682 729 1722 stabilit.
793 1684 864 1722 Dt.
898 1682 1013 1734 apud
1045 1681 1195 1724 Urbem
1227 1685 1416 1732 veterem,
1451 1681 1572 1721 XIV.
1606 1681 1828 1721 Kalendas
1861 1681 2019 1732 Martii,

1088 1750 1239 1789 1262.

385 1840 600 1901 Urbanus
642 1861 864 1910 episcopus
905 1871 1054 1899 seruus
1093 1871 1309 1899 seruorum
1348 1859 1428 1898 dei.
1490 1859 1667 1897 Dilecfis
1707 1856 1799 1898 filiis
1839 1887 1849 1898 .
1890 1887 1900 1898 .
1940 1858 2089 1898 abbati.
2140 1894 2141 1902 ,

239 1928 475 1973 monasterii
511 1927 641 1978 fonti-s·
681 1931 822 1966 sancte
862 1916 1004 1967 Marte
1049 1929 1092 1966 in
1131 1940 1204 1967 sar
1244 1929 1418 1978 eiusque
1460 1925 1657 1965 fratribus
1697 1931 1776 1965 tam
1817 1926 2076 1977 presentibus

240 2005 358 2044 quam
400 1992 545 2034 suturis
586 1995 826 2048 regularem
866 1997 991 2035 vitam
1026 1994 1228 2046 professis
1269 1996 1308 2034 in
1351 1998 1602 2045 perpetuum.
1666 1993 1931 2048 Religiosam
1962 1995 2076 2032 uitam

239 2062 492 2114 eligentibus
526 2063 791 2113 apostolicum
814 2064 1009 2102 conuenit
1041 2064 1193 2103 adesse
1220 2063 1441 2113 presidium
1474 2073 1526 2101 ne
1558 2060 1664 2100 forte
1698 2062 1919 2100 cuiuslibet
1949 2065 2076 2100 teme·
2138 2083 2139 2089 =

240 2129 371 2167 ritatis
410 2130 601 2169 incursus
641 2134 709 2170 aut
751 2142 826 2169 eos
866 2143 889 2169 a
925 2132 1132 2182 proposito
1172 2134 1344 2169 reuocet
1382 2133 1452 2169 aut
1492 2131 1618 2169 robur
1657 2129 1766 2180 quod
1806 2129 1916 2169 absit
1957 2137 2076 2168 sacre

240 2196 458 2249 religionis
492 2195 704 2251 infringat.
768 2199 1006 2249 Eapropter
1047 2199 1185 2237 dilecti
1225 2199 1264 2237 in
1299 2198 1459 2237 domino
1499 2196 1566 2236 filii
1599 2198 1752 2236 uestris
1785 2198 1904 2236 iustis
1937 2199 2075 2247 postu-

241 2263 457 2302 lationibus
485 2265 707 2304 clementer
739 2267 966 2305 annuimus.
1000 2269 1042 2305 ut
1068 2267 1354 2305 monasterium
1387 2270 1534 2304 sancte
1567 2265 1634 2304 dei
1665 2266 1887 2319 genitricis
1920 2269 1961 2304 et
1993 2264 2075 2303 vir·
2134 2311 2135 2315 Ἰ

244 2331 355 2382 ginis
388 2332 523 2370 Mai-ie
556 2331 679 2371 fontis
718 2338 864 2373 sancte
897 2335 1038 2374 Mai-ie
1076 2335 1117 2373 in
1148 2334 1232 2374 Sar
1266 2333 1503 2387 Pragensis
1544 2333 1726 2372 diocesis
1760 2334 1799 2371 111
1833 2344 1911 2384 quo
1945 2331 2075 2371 diuino
2133 2341 2135 2345 ’

248 2398 349 2435 08118
381 2399 578 2450 obsequio
617 2403 836 2452 mancipati
869 2402 946 2441 sub
987 2403 1099 2442 beati
1133 2402 1247 2440 Petri
1287 2406 1328 2441 et
1362 2406 1503 2440 nostra
1548 2401 1805 2452 protectione
1837 2399 2076 2450 suscipimus

246 2467 286 2500 et
319 2468 521 2513 presentis
560 2469 703 2518 scripti
737 2470 959 2523 priuilegio
1000 2471 1301 2509 communimus.
1358 2469 1407 2508 In
1441 2469 1579 2520 primis
1611 2468 1811 2519 siquidem
1850 2469 2076 2506 statuentes
2131 2483 2133 2491 ⁴

246 2534 288 2568 ut
321 2531 418 2569 ordo
452 2536 699 2574 monasticus
740 2538 806 2588 qui
845 2537 1071 2577 secundum
1110 2538 1228 2577 deum
1260 2541 1302 2577 et
1334 2536 1445 2577 beati
1478 2536 1695 2576 Benedicti
1734 2535 1927 2590 regulam
1956 2538 2076 2585 atquc
