2155 2928
1118 158 1187 197 42

230 307 375 346 timore
407 303 698 344 subtraxerim
729 312 909 341 censura
941 299 1058 338 simili
1091 297 1369 348 appellatione
1395 299 1594 335 cessante
1625 295 1881 346 compellatis
1914 295 2080 336 veritati

230 374 503 415 testimonium
528 371 765 423 perhibere.
815 368 934 417 Quod
966 367 1003 406 si
1027 377 1108 404 non
1141 376 1283 404 omnes
1310 364 1389 403 hiis
1413 363 1675 415 exequendis
1701 364 1916 414 potueritis
1949 364 2080 403 inter-

233 453 345 483 esse.
370 442 449 481 duo
475 446 659 480 vestrum
684 449 736 477 ea
761 436 1046 476 nichilominus
1075 435 1349 483 exequantur.
1389 432 1541 472 Datum
1564 432 1769 486 Anagnie
1791 432 1847 472 X.
1863 431 2080 473 Kalendas

233 511 437 565 Augusti.
470 507 729 561 pontificatus
762 505 895 544 nostri
926 513 1035 541 anno
1069 502 1209 552 primo.

540 597 594 629 Ex
618 594 814 637 originali
836 592 1023 624 monasterii
1047 589 1454 622 Daubrawnicensis.

1105 737 1222 777 LIV.

377 815 689 884 F,]l)e1·hardus⁷
714 828 1051 882 Salzburgensis
1078 828 1435 882 archiepiscopuS,
1467 826 1583 866 sedis
1609 826 1866 877 apostolicae
1897 826 2083 881 legatus,

235 903 291 944 ad
323 901 554 942 instantiam
587 898 806 951 Friderici7
840 897 958 936 ducis
988 897 1198 950 Austriae7
1232 894 1394 935 confert
1424 896 1675 935 monasterio
1702 894 1934 934 Zwetlensi
1968 893 2084 934 deci-

234 984 336 1011 mam
369 969 570 1021 quandam
610 968 724 1005 circa
757 963 933 1004 confinia
971 965 1197 1004 Bohemiae
1230 966 1270 1003 in
1312 964 1408 1003 villa
1442 960 1831 1015 XVeichartesdorf7
1867 972 1975 1013 quae
2007 961 2084 1002 sibi

234 1049 392 1078 vacare
439 1037 576 1086 coepit
624 1046 699 1086 per
745 1035 918 1073 mortem
961 1033 1079 1084 Lupi
1125 1032 1176 1071 de
1220 1031 1593 1082 Mtsclnnerisclze,
1642 1032 1901 1070 constituens
1943 1029 2085 1069 ducem

234 1104 463 1157 praefatum
509 1101 787 1142 defensorem.
850 1102 1001 1140 Datum
1050 1100 1159 1151 apud
1200 1099 1455 1141 Saltzburch
1503 1100 1555 1138 11.
1602 1099 1701 1138 Idus
1749 1099 1940 1152 Augusti
1978 1109 2084 1138 anno

239 1174 387 1214 domini
418 1169 729 1213 MCCXLIIII.
760 1170 993 1210 Indictione
1025 1169 1124 1210 ΧΠ.

543 1261 673 1294 Linck
697 1279 740 1284 —
763 1260 942 1294 Annales
967 1257 1265 1291 Clarovallens.
1289 1258 1315 1291 Ι.
1340 1255 1430 1291 323.

1110 1406 1207 1446 LV.

237 1503 472 1554 domun-es,
503 1501 708 1554 plebanus
739 1502 784 1541 in
814 1500 1171 1551 Nova-ecclesia,
1205 1499 1392 1539 decanus
1435 1498 1700 1551 Opaviensis,
1728 1498 1809 1550 jus
1844 1499 2088 1550 patronatus
2147 1502 2149 1524 ³

270 1572 516 1611 monasterii
550 1571 866 1610 Oslowanensz‘s
897 1570 942 1608 in
973 1581 1051 1608 sua
1084 1568 1264 1607 ecclesia
1294 1567 1523 1620 profitetur.
1575 1567 1682 1607 Acta
1710 1567 1825 1619 feria
1855 1566 1883 1606 1
1890 1566 1936 1607 V.
1967 1569 2061 1606 ante

920 1636 954 1676 b.
988 1636 1232 1687 jamneus,
1271 1635 1424 1675 1244.

378 1709 502 1781 Ego
535 1727 751 1767 Iohannes
785 1726 988 1778 plebanus
1028 1727 1067 1764 in
1100 1725 1222 1764 Noua
1256 1725 1440 1764 ecclesia
1479 1723 1665 1763 decanus
1699 1722 1952 1774 Opaviensis
1990 1733 2089 1774 pre·
2146 1726 2147 1731 ’

238 1798 421 1836 sencium
456 1795 699 1835 firmitudine
727 1796 914 1846 promitto
948 1794 1123 1833 exclusa
1151 1794 1256 1832 omni
1289 1793 1561 1832 cauillacione
1595 1796 1637 1831 et
1661 1792 1753 1831 dolo
1787 1791 1894 1843 quod
1928 1791 1980 1831 ab
2013 1791 2090 1831 hac
2145 1805 2146 1808 ¹

238 1866 341 1904 hora
375 1865 415 1903 in
448 1868 574 1903 antea
612 1862 745 1902 fidelis
778 1875 851 1902 ero
885 1863 1017 1902 domui
1057 1862 1281 1900 oslawensi
1312 1863 1353 1899 in
1386 1872 1435 1900 eo
1467 1860 1663 1900 uidelicet
1695 1859 1802 1911 quod
1837 1860 1984 1899 dictam
2015 1869 2090 1899 ec-

239 1933 408 1972 clesiam
440 1933 493 1971 ab
536 1932 753 1971 abbatissa
788 1933 930 1971 domus
971 1933 1194 1970 memorate
1225 1929 1346 1968 michi
1386 1929 1587 1968 canonice
1620 1928 1810 1967 collatam
1841 1928 1883 1967 in
1915 1939 1996 1979 qua
2027 1928 2089 1967 ius
2144 1932 2145 1960 1

240 2004 483 2051 patronatus
517 2001 674 2039 obtinet
713 2011 918 2050 nunquam
953 1998 1005 2037 de
1044 2010 1165 2037 manu
1197 1997 1372 2036 alicuius
1413 1997 1608 2047 recipiam
1639 1996 1826 2035 ulterius.
1865 1995 1964 2035 nulli
2003 2005 2089 2035 eam
2144 1986 2145 1990 ¹

239 2069 474 2122 resignabo
517 2069 596 2107 nisi
639 2068 769 2107 eidem
811 2067 1029 2106 abbatisse
1068 2066 1136 2104 uel
1176 2066 1215 2104 ei
1258 2076 1337 2116 que
1380 2065 1457 2115 ipsi
1501 2064 1714 2103 succedet.
1762 2064 2089 2117 resignationem

241 2137 423 2176 eiusdem
473 2136 656 2175 ecclesie
704 2135 801 2174 nulli
851 2134 1028 2185 pandam
1071 2133 1284 2172 consilium
1336 2133 1404 2172 uel
1444 2133 1636 2171 auxilium
1683 2143 1757 2183 pro
1804 2143 1867 2170 me
1907 2134 1978 2170 aut
2017 2141 2090 2182 per
2142 2140 2144 2178 ζ

242 2206 455 2243 num-cium
495 2215 624 2243 meum
664 2215 745 2243 non
788 2203 894 2242 dabo
940 2202 1052 2241 vnde
1094 2202 1203 2240 dicta
1237 2201 1422 2240 ecclesia
1462 2212 1486 2238 a
1521 2200 1637 2239 domo
1677 2200 1916 2240 Oslawensi
1949 2200 2091 2250 posset
2142 2192 2143 2195 ¹

243 2272 416 2310 alienari
451 2284 523 2322 pro
557 2273 659 2311 meis
701 2272 859 2311 iuribus
893 2275 934 2311 et
967 2270 1072 2309 omni
1113 2280 1240 2320 posse
1272 2280 1362 2307 meo
1403 2268 1566 2307 adiutor
1598 2279 1671 2307 ero
1705 2267 1758 2307 ad
1792 2266 2090 2307 defendendum
2140 2257 2143 2289 j

244 2343 285 2378 et
318 2341 575 2379 retinendum
615 2343 760 2379 contra
794 2350 936 2378 omnes
976 2339 1162 2378 homines
1196 2337 1313 2376 saluo
1354 2337 1499 2375 ordine
1531 2347 1621 2375 meo
1661 2337 1751 2375 iura
1790 2336 1972 2375 ecclesie
2003 2345 2089 2375 me·
2140 2352 2142 2373 a

247 2410 415 2445 moi-ate.
481 2408 589 2446 Acta
624 2411 720 2447 sunt
752 2407 831 2446 hec
872 2419 980 2446 anno
1014 2407 1163 2446 domini
1204 2406 1265 2446 M.
1298 2403 1387 2446 OC.
1420 2404 1515 2445 XL.
1547 2405 1646 2444 1111.
1679 2403 1786 2444 seria
1818 2408 1964 2456 quarta
1995 2405 2090 2444 ante
2140 2400 2141 2420 ³

246 2471 392 2513 festum
427 2474 537 2513 beati
571 2475 810 2514 Michaelis.

553 2554 605 2586 Ex
629 2556 823 2596 originali
846 2557 878 2587 in
901 2557 991 2588 curia
1016 2556 1235 2587 Brunensi.
