2155 2928
1095 147 1196 186 124

211 299 390 337 uirorum
422 292 679 346 processerit
709 290 908 331 industria
942 286 1202 339 prouidorum
1233 289 1279 325 vt
1310 296 1362 324 ea
1396 297 1476 336 que
1507 289 1724 325 uertuntur
1755 287 1832 326 sub
1871 290 2052 339 tempore

215 377 267 406 ne
292 365 483 404 labantur
501 375 588 402 cum
614 366 810 411 tempore.
830 357 906 397 sed
934 356 1076 407 pocius
1099 354 1352 405 perhennem
1375 352 1601 392 efficaciam
1620 356 1856 394 soi-ciantur
1880 356 2053 397 testibus

212 433 389 485 ydoneis
422 432 711 481 relinquamus.
745 431 786 466 ct
813 426 986 464 maxime
1019 423 1168 462 littere.
1196 432 1292 472 qwe
1325 424 1391 460 est
1422 421 1594 460 baculus
1628 423 1833 461 memorie.
1869 424 2054 464 veritatis

215 502 394 541 inditium
428 506 468 538 et
501 496 757 537 certitudinis
790 494 1090 546 argumentum.
1144 489 1349 528 Nouerint
1382 490 1567 528 uniuersi
1599 494 1678 528 tam
1713 491 1919 541 presentis
1950 494 2053 530 tem-

213 570 325 620 poris
366 568 551 609 homines
593 575 709 615 quam
749 560 884 600 futuri.
932 559 1040 610 quod
1082 558 1268 596 (lominus
1310 557 1460 597 Brvno
1499 558 1757 597 venerabilis
1805 560 1845 597 in
1887 557 2052 600 Christo

213 642 332 689 pater
356 641 397 675 et
422 635 605 674 dominus
633 634 786 669 noster.
814 626 1106 667 olomucensis
1130 625 1314 664 ecclesie
1340 626 1576 676 episcopus.
1604 626 1776 677 quodam
1802 637 1850 665 se
1875 627 2053 666 ecclesie

214 717 290 745 sue
332 709 372 743 et
413 707 554 741 nostre
595 697 858 738 necessitatis
899 694 1071 734 articulo
1111 694 1363 733 immiscente
1403 695 1540 733 villam
1581 694 1795 733 Prellzoca
1834 695 2054 748 wlgariter

213 775 484 821 nuncupatam
525 770 640 806 sitam
690 767 728 803 in
769 764 951 802 Boemia.
993 773 1072 813 que
1115 762 1166 801 ad
1209 763 1272 801 sui
1313 763 1580 813 episcopatus
1622 761 1792 802 officium
1825 763 2052 814 predeces-

213 849 432 890 sorumque
464 847 626 875 suorum
662 832 910 884 pertinebat.
943 842 1033 869 cum
1067 830 1253 869 omnibus
1286 831 1513 869 attinentiis
1546 831 1633 869 suis
1667 830 1827 869 domino
1861 829 2054 872 Cristano

212 908 351 947 abbati
391 903 639 945 Sedlecensi
680 905 721 939 et
761 899 945 938 ecclesie
992 910 1068 938 sue
1110 910 1183 949 pro
1231 911 1386 938 summa
1427 900 1700 952 septuaginta
1738 911 1967 938 marcarum
2004 899 2055 939 de

212 986 420 1014 consensu
454 974 594 1011 nostro
628 968 814 1008 vendidit
846 970 935 1007 iure
967 967 1221 1006 hereditario
1255 971 1456 1018 perpetuo
1490 967 1797 1018 possidendam.
1860 968 1908 1006 In
1941 968 2055 1008 cuius

211 1053 443 1082 consensus
476 1040 604 1078 nostri
637 1038 921 1076 testimonium.
955 1047 1008 1075 ne
1034 1047 1109 1087 per
1141 1036 1302 1086 aliquos
1327 1046 1605 1074 successores
1639 1039 1806 1074 nostros
1838 1035 1918 1074 hec
1949 1046 2055 1075 ven-

211 1111 308 1150 ditio
342 1109 471 1161 possit
503 1108 765 1158 aliquatenus
799 1106 1010 1144 immutari.
1043 1104 1123 1143 hoc
1156 1114 1336 1154 presens
1376 1103 1573 1153 scriptum
1606 1103 1789 1142 ecclesie
1821 1107 1965 1143 nostre
1996 1104 2054 1143 si-

210 1179 313 1233 gillo
346 1179 424 1216 iam
464 1175 572 1215 dicto
606 1174 747 1214 abbati
790 1177 831 1213 et
863 1174 951 1212 suis
993 1172 1316 1211 successoribus
1357 1171 1595 1211 tradidimus
1637 1172 1886 1210 roboratum.
1948 1172 2055 1212 Acta

211 1250 306 1286 sunt
343 1245 422 1284 hec
470 1255 578 1283 anno
619 1242 823 1282 dominice
870 1241 1177 1280 incarnacionis
1225 1240 1285 1279 Μ.
1333 1238 1422 1280 CC.
1469 1240 1520 1279 L.
1569 1240 1711 1279 XVII.
1753 1239 1848 1278 Kal.
1887 1240 2055 1291 Aprilis.

210 1315 365 1355 Testes
397 1313 517 1352 huius
557 1312 618 1350 rei
653 1314 748 1350 sunt
788 1310 857 1349 hii.
890 1310 1101 1349 llenricus
1142 1308 1276 1348 abbas
1310 1308 1362 1347 de
1401 1308 1518 1347 Plaz.
1557 1307 1805 1347 usinandus
1838 1308 1974 1346 abbas
2007 1307 2055 1347 de

212 1382 368 1423 Ozzek.
407 1380 658 1420 Bertholdus
696 1379 829 1418 abbas
869 1378 922 1417 de
963 1376 1132 1417 Pomuk.
1172 1377 1333 1416 Modlik
1375 1377 1509 1416 abbas
1551 1376 1603 1415 de
1646 1376 1870 1415 Hradisch.
1905 1376 2056 1416 Paulus

212 1451 343 1490 abbas
369 1450 420 1489 de
447 1447 697 1502 Vellegrad.
727 1447 1045 1487 Bai-tholomeus
1068 1445 1403 1485 archidiaconus.
1428 1444 1713 1496 Marquardus
1738 1445 2055 1484 archidiaconus

212 1518 502 1569 Znoymensis.
530 1517 648 1555 Esav
666 1515 972 1554 archidaconus
997 1514 1321 1553 PrerowiensiS.
1340 1513 1572 1552 Herardus.
1599 1511 1852 1566 Gregorius.
1868 1512 2056 1552 Iacobus.

210 1587 402 1627 Alexius.
433 1585 689 1629 XVilhelmus
730 1587 771 1623 et
803 1584 946 1623 Benes
978 1581 1130 1622 fratres
1163 1581 1216 1620 de
1255 1581 1493 1620 Podebrad.
1526 1581 1739 1623 Sulizlaus
1772 1579 1877 1620 filius
1910 1581 2056 1620 Zwest

213 1655 264 1693 de
306 1654 496 1694 Pnetluk.
537 1651 666 1692 Criho
709 1652 761 1691 de
793 1650 1032 1691 Meidberk.
1072 1649 1243 1689 Bochko
1285 1650 1565 1689 burchrauius
1605 1649 1659 1688 de
1699 1649 1874 1700 Znoym.
1915 1648 2056 1689 Milich

214 1723 465 1765 camerarius
492 1721 793 1762 olomucensis.
820 1723 862 1759 et
887 1720 954 1758 alii
982 1731 1100 1770 quam
1127 1719 1268 1769 plures
1294 1729 1464 1770 quorum
1494 1717 1724 1757 nominibus
1748 1729 1831 1756 non
1853 1720 1920 1756 est
1943 1728 2055 1768 opus.

519 1811 574 1850 Ex
596 1810 795 1853 originali
817 1811 849 1842 in
872 1809 1007 1841 archivo
1030 1810 1195 1851 procurat.
1221 1808 1291 1840 fisci
1314 1808 1479 1850 Pragae
1503 1806 1682 1849 descripsit
1704 1807 1765 1839 Fr.
1788 1806 1985 1848 Palacky.

1077 1922 1187 1966 CLI.

215 2022 425 2074 premysl,
457 2021 646 2061 marchio
679 2021 915 2071 Morsu-iae,
954 2020 1208 2059 monasterio
1247 2017 1567 2059 Welelzradensi
1603 2018 1803 2056 universa
1833 2015 2055 2069 privilegia

477 2092 516 2129 et
544 2091 814 2129 instrumenta
848 2088 1077 2140 confirmat.
1139 2087 1245 2127 Acta
1276 2098 1418 2126 mense
1448 2087 1603 2138 Aprili,
1644 2084 1795 2125 1250.
1964 2074 1967 2076 μ

384 2182 443 2242 In
482 2201 643 2239 nomine
676 2202 824 2239 sancte
866 2202 907 2238 et
939 2198 1148 2237 indiuidue
1190 2198 1398 2236 trinitatis.
1439 2197 1587 2236 Amen.
1650 2196 1740 2236 Nos
1782 2194 1961 2234 Premizl
1992 2193 2054 2233 dei
2118 2211 2119 2214 ¹

216 2269 356 2321 gratia
389 2269 570 2308 marchio
603 2268 795 2308 Morauie
837 2268 1020 2307 claustro
1053 2270 1200 2306 sancte
1240 2265 1380 2305 Man-ie
1413 2266 1455 2304 in
1503 2263 1731 2304 H‘clelzrad
1762 2261 2055 2304 cisterciensis

218 2335 372 2374 ordinis
412 2340 453 2375 et
501 2337 685 2375 omnibus
732 2336 882 2375 ibidem
924 2335 1181 2389 degentibus
1230 2336 1528 2385 inperpetuum.
1593 2331 1794 2381 Quoniam
1835 2329 2054 2385 generatio

218 2404 390 2452 preterit
428 2407 469 2442 et
510 2405 731 2457 generatio
773 2404 954 2456 aduenit7
999 2407 1039 2442 et
1079 2404 1267 2442 actiones
1307 2402 1482 2441 humane
1525 2401 1806 2450 sollempniter
1845 2399 2055 2439 celebrate
2114 2407 2115 2413 ¹

218 2475 388 2521 propter
419 2471 600 2510 incertos
632 2484 767 2511 rerum
810 2476 852 2511 et
883 2475 1107 2522 temporum
1148 2475 1324 2510 euentus
1356 2470 1494 2508 solent
1533 2480 1623 2508 cum
1654 2472 1838 2519 tempore
1877 2464 2055 2506 defluere

220 2542 261 2577 et
294 2549 317 2575 a
350 2539 539 2577 memoria
573 2541 773 2594 resecari,
807 2550 987 2579 necesse
1021 2542 1099 2591 est,
1133 2542 1178 2577 vt
1209 2549 1275 2589 ea7
1302 2549 1382 2590 que
1416 2537 1494 2576 sub
1526 2540 1712 2587 tempore
1739 2539 1959 2590 geruntur⁷
1990 2533 2055 2572 lit-
