2155 2928
1088 136 1192 176 296

221 284 438 325 vocabulis
486 281 778 334 exprimendas
818 279 1004 318 duximus
1052 277 1160 314 sicut
1207 275 1247 313 in
1295 274 1426 324 ipsius
1471 273 1620 312 litteris
1659 270 1861 312 consectis
1903 273 2056 314 exinde

221 354 424 403 vobisque
475 351 692 390 concessis
743 348 913 386 vidimus
963 344 1122 394 plenius
1171 342 1373 380 contineri
1420 341 1618 380 videlicet
1663 340 1976 391 Millzostowizi,
2017 344 2058 381 et

220 421 388 459 Plezna
428 419 562 471 villas7
605 422 646 456 et
687 415 941 454 medietatem
977 411 1071 449 ville
1111 409 1301 448 Pulso-he
1339 410 1454 447 iuxta
1494 409 1701 449 ciuitatem
1742 407 2056 458 Oppauiensem.

220 488 321 527 Item
356 488 394 525 in
428 485 601 525 confinio
643 482 850 522 Brunensi
884 477 1148 518 Kozlzerowe
1180 479 1221 514 et
1251 475 1424 514 Ellzuta.
1471 476 1573 515 Item
1606 475 1714 526 apud
1748 479 1926 514 castrum
1959 475 2058 514 Iar-

222 556 369 594 slawiz
408 554 543 593 villam
584 551 819 602 Hfrelawiz
862 551 903 586 et
945 546 985 584 in
1027 556 1078 583 ea
1120 544 1274 583 curiam
1316 554 1405 582 cum
1448 542 1608 582 duabus
1647 543 1767 582 cultis
1807 543 1988 582 araturis
2019 546 2060 583 et

221 634 366 660 nemus
414 620 520 670 apud
569 618 744 657 Brazla.
805 615 893 653 Nos
939 613 1093 652 uestris
1135 611 1502 661 supplicationibus
1550 609 1835 649 fauorabiliter
1881 610 2060 650 inclinati

224 690 344 728 villas
378 692 419 727 et
444 686 734 738 possessiones
767 682 934 720 easdem
961 691 1064 730 quas
1098 681 1305 718 innostra
1338 679 1494 717 diocesi
1520 679 1745 729 proponitis
1778 689 1857 718 vos
1890 678 2060 733 habere,

224 757 331 795 sicut
363 766 436 794 eas
471 755 575 792 iuste
608 763 657 790 ac
692 748 863 800 pacifice
896 747 1135 800 possidetis,
1168 747 1289 786 vobis
1330 750 1371 785 et
1404 750 1573 797 propter
1605 757 1683 784 vos
1715 746 1977 786 Monasterio
2011 746 2062 785 de

223 823 362 864 Saalir
393 819 629 873 Pragensis
663 818 842 856 diocesis
868 815 1115 854 auctoritate
1148 815 1409 864 presencium
1442 812 1739 866 confirmamus7
1772 814 1850 852 sub
1884 813 2062 853 anathe-

223 891 339 930 matis
374 887 707 927 interminacione
741 884 965 922 districtius
999 883 1234 922 inhibentes
1267 893 1319 921 ne
1353 882 1443 932 quis
1476 881 1584 920 hanc
1618 885 1799 920 nostram
1833 879 2063 920 Confirma-

224 959 380 995 cionem
415 957 620 1005 presumat
659 950 895 1004 infringere
928 951 997 989 vel
1038 951 1117 989 sibi
1151 961 1255 988 ausu
1293 950 1514 988 temerario
1554 950 1778 988 contraire.
1840 948 1991 988 Datum
2022 949 2063 988 in

223 1023 414 1063 Moderiz
446 1022 520 1061 VI.
553 1021 647 1059 Kal.
681 1019 900 1070 Februarij
933 1019 1057 1057 Anno
1091 1018 1238 1057 domini
1271 1018 1331 1057 M.
1366 1015 1455 1058 CC.
1488 1017 1539 1056 L.
1571 1017 1647 1058 XI.

531 1118 759 1151 Steinbach
782 1136 823 1140 —
845 1117 883 1149 P.
906 1117 950 1148 11.
973 1126 1005 1158 p.
1031 1115 1092 1148 17.
1117 1125 1158 1147 ex
1181 1115 1386 1157 originali.

1060 1279 1236 1323 CCCV.

225 1385 470 1426 Alexander
485 1397 597 1436 papa
616 1384 692 1424 IV.
711 1384 929 1436 confirmat
941 1384 1193 1422 monasterio
1212 1382 1587 1434 Oslowanensijus
1603 1384 1849 1434 patronatus
1867 1382 2068 1421 ecclesiae

326 1466 359 1492 s.
392 1453 544 1493 Jacobi
576 1454 764 1491 Brumae.
827 1453 899 1491 Dc.
932 1452 1152 1501 Laterani,
1193 1451 1238 1490 V.
1272 1450 1494 1489 Kalendas
1526 1449 1769 1501 Februarii,
1808 1449 1960 1489 1261.

364 1544 632 1604 Alexander
673 1563 918 1614 episcopus,
971 1572 1122 1599 seruus
1172 1571 1387 1599 seruorum
1435 1560 1514 1599 dei.
1592 1560 1771 1599 Dilectis
1820 1560 1859 1598 in
1900 1557 2068 1598 Christo

228 1629 413 1669 filialibus
446 1631 677 1669 Abbatisse
711 1634 753 1669 et
784 1630 1004 1668 conuentui
1038 1629 1276 1667 monasterii
1311 1628 1443 1667 Vallis
1475 1627 1632 1668 Sancte
1657 1628 1798 1667 Marie
1829 1626 1880 1666 de
1907 1626 2070 1667 Ozlaua

229 1698 525 1739 cisterciensis
559 1698 737 1751 ordinis7
772 1697 1058 1737 olomucensis
1091 1697 1292 1749 diocesis7
1335 1697 1507 1735 salutem
1550 1700 1591 1735 et
1629 1696 1896 1746 apostolicam
1937 1694 2070 1733 bene-

228 1768 456 1806 dictionem.
498 1768 747 1806 Deuotionis
780 1769 1047 1819 augmentum
1079 1764 1200 1804 vobis
1234 1765 1327 1803 Deo
1362 1764 1536 1814 propitio
1562 1764 1785 1814 prouenire
1818 1761 2070 1816 confidimus,

229 1836 264 1872 si
298 1846 424 1884 super
456 1835 554 1887 hiis7
588 1846 667 1886 que
702 1835 834 1887 digne
867 1835 1036 1886 cupitis,
1071 1844 1146 1871 nos
1178 1832 1301 1871 vobis
1333 1833 1548 1870 inuenisse
1580 1831 1798 1871 beniuolos
1831 1830 2070 1884 gaudeatis.

231 1902 346 1942 Sane
386 1903 524 1952 petitio
560 1907 702 1941 vestra
743 1903 862 1941 nobis
902 1901 1087 1940 exhibita
1127 1900 1385 1953 continebat,
1425 1899 1553 1953 quod,
1595 1910 1683 1938 cum
1725 1899 1840 1938 clare
1881 1897 2073 1937 memorie

231 1969 412 2023 Primisl,
444 1970 542 2008 Rex
575 1971 765 2022 Boemie7
799 1971 862 2009 ius
896 1972 1158 2021 patronatus7
1198 1967 1305 2018 quod
1346 1968 1385 2005 in
1425 1967 1608 2006 ecc-lesia
1649 1966 1798 2007 Sancti
1840 1964 1983 2005 lacobi
2022 1963 2074 2003 de

230 2037 380 2087 Burqo
418 2038 665 2077 Brunnensz·
705 2037 991 2078 olomucensis
1031 2036 1213 2075 diocesis
1254 2035 1467 2074 obtinebat
1506 2035 1558 2074 de
1599 2046 1780 2073 assensu
1819 2033 2073 2073 venerabilis

231 2102 373 2142 fratris
412 2106 540 2143 nostri
582 2134 591 2144 .
625 2135 635 2144 .
670 2106 957 2145 Olomucensis
1000 2104 1218 2157 Episcopi,
1258 2105 1383 2157 regia
1426 2104 1545 2142 vobis
1584 2103 1834 2142 liberalitate
1875 2101 2074 2140 donasset

233 2171 373 2210 intuitu
407 2173 585 2225 pietatis7
618 2174 782 2212 tandem
816 2173 948 2211 dictus
981 2173 1217 2223 Episcopus
1250 2173 1363 2210 circa
1396 2183 1472 2210 vos
1506 2171 1698 2224 dirigens
1739 2173 1912 2220 paterne
1953 2169 2074 2208 beni-

234 2240 408 2290 gnitatis
442 2239 625 2280 affectum
654 2242 845 2294 diligenti
871 2240 1170 2279 deliberatione
1199 2240 1416 2290 prehabita
1441 2239 1561 2277 vobis
1591 2239 1800 2278 ordinaria
1826 2237 2074 2276 auctoritate

236 2309 457 2359 concessit,
489 2313 532 2347 ut
565 2309 711 2348 dictam
744 2310 965 2348 ecclesiam
1004 2312 1100 2347 tunc
1133 2311 1366 2360 vacantem,
1407 2308 1524 2346 cuius
1563 2306 1726 2345 collatio
1766 2304 1986 2356 spectabat
2023 2301 2074 2342 ad

238 2384 347 2425 cum7
387 2386 474 2413 cum
517 2377 672 2415 iuribus
713 2381 754 2416 et
798 2377 1057 2427 pertinentiis
1102 2376 1188 2414 suis
1230 2377 1271 2420 in
1309 2379 1477 2414 vestros
1518 2386 1619 2413 usus
1660 2374 1850 2424 proprios
1892 2373 2074 2411 retinere

240 2442 405 2487 possitis
452 2442 644 2492 deputata
688 2445 740 2483 de
781 2445 1049 2494 prouentibus
1096 2444 1224 2493 ipsius
1267 2444 1451 2482 ecclesie
1490 2443 1649 2481 vicario
1688 2440 1836 2480 ibidem
1875 2442 2074 2490 perpetuo

239 2508 448 2546 seruituro
497 2521 569 2558 pro
615 2513 916 2551 sustentatione
962 2523 1035 2550 sua
1077 2516 1118 2551 et
1154 2511 1462 2562 episcopalibus
1504 2510 1660 2549 iuribus
1703 2507 1992 2559 persoluendis
2033 2508 2074 2545 et
