2155 2928
1106 170 1208 208 114

1055 306 1255 350 CXLIV.

232 410 351 450 Idem
398 410 552 449 cin-itan·
594 406 790 448 Gen-z'dlro
838 417 864 444 a
915 403 1108 444 Tartar-is
1154 400 1388 440 destructae
1433 401 1478 438 in
1526 402 1872 439 restaurationem
1913 402 2075 455 confert

409 478 559 516 silvam
591 475 647 514 ad
676 462 873 514 Sebetow.
935 471 1026 510 Act.
1059 470 1248 519 Brumae,
1280 468 1336 507 X.
1368 467 1472 507 Kal.
1507 467 1712 519 Octobris,
1752 468 1903 507 1249.

404 568 463 628 In
496 586 655 624 nomine
689 583 833 622 domini
867 591 998 619 amen.
1061 579 1151 617 Nos
1192 578 1370 616 Premizl
1403 577 1470 617 dei
1503 578 1647 631 gratia
1680 578 1851 617 illustris
1882 578 2070 620 Mai-chio

234 655 426 695 Morauie
460 653 618 691 ciuibus
643 651 795 689 nostris
821 648 1009 687 fidelibus
1035 647 1073 684 in
1103 644 1326 685 Gemic-z-ko
1351 645 1404 684 ad
1431 647 1494 684 rei
1516 647 1749 685 memoriam
1774 647 2071 697 sempiternam.

235 722 336 761 Cum
370 723 604 770 omniaque
638 717 735 756 fiunt
759 718 799 755 in
831 720 1015 765 tempore
1047 725 1136 752 cum
1162 718 1346 764 tempore
1379 715 1587 767 contingit
1617 714 1871 754 thabescere
1904 715 2073 765 prouida

234 790 478 830 necessario
511 786 719 826 adiuuenit
761 785 962 823 hominum
996 782 1208 834 discreti⁰7
1250 786 1292 822 vt
1325 793 1405 833 que
1438 784 1549 833 cupit
1582 783 1796 833 perpetuis
1827 786 1944 822 stare
1976 794 2073 823 suc-

234 858 426 896 cessibus
459 867 509 894 ea
542 858 653 893 tanto
687 851 860 890 lucidius
894 851 1039 901 scripti
1072 851 1305 889 testimonio
1339 851 1555 890 roborare.
1589 855 1740 902 quanto
1773 862 1825 890 ea
1857 852 1950 891 sine
1980 855 2074 893 nota

234 925 461 973 caiumpnie
503 923 542 960 in
576 924 783 971 posterum
823 919 909 958 vult
947 919 1108 957 valere.
1172 919 1332 957 Noscat
1374 919 1505 972 igitur
1542 922 1622 958 tam
1663 930 1840 969 presens
1879 919 2074 960 hominum

234 997 325 1031 etas
357 1002 474 1041 quam
513 987 647 1027 sutura
687 988 727 1025 in
767 987 941 1025 domino.
982 986 1089 1037 quod
1128 998 1205 1024 nos
1243 986 1301 1025 ml
1337 988 1681 1026 restaurationem
1722 988 1902 1026 ciuitatis
1939 991 2076 1028 nostre

235 1057 455 1099 Gemit-:tro
487 1069 512 1095 (ι
548 1056 740 1095 Parim-ts
773 1055 978 1094 destructe
1018 1055 1070 1093 dc
1103 1055 1293 1107 ingenita
1325 1055 1445 1093 nobis
1484 1055 1748 1108 benignitate
1781 1058 2076 1096 concurrentes

232 1127 374 1165 siluam
407 1131 587 1164 nostram
613 1124 846 1174 spaciosam
868 1124 973 1162 silue
1000 1124 1237 1162 monasterii
1269 1135 1303 1162 s.
1330 1123 1536 1174 Stephani
1568 1134 1694 1162 secus
1720 1123 1929 1177 Olomucz,
1962 1135 2077 1176 quam

234 1194 286 1233 ad
319 1193 529 1234 Sibotonis
556 1193 690 1231 villam
724 1192 884 1231 habere
913 1203 969 1230 ex
1001 1192 1169 1242 antiqua
1196 1191 1418 1230 donatione
1443 1191 1611 1230 ducisse
1643 1190 1830 1231 Eul'emie
1854 1192 2078 1231 dinoscitur

234 1262 537 1313 conterminam7
593 1273 617 1299 a
663 1260 937 1300 venatoribus
990 1261 1144 1299 nostris
1189 1259 1362 1299 limitare
1413 1261 1620 1314 iussimus,
1675 1263 1717 1299 et
1772 1261 1833 1299 sic
1879 1260 2078 1300 limitatam

235 1330 394 1368 ciuibus
427 1327 600 1379 prefatis
633 1329 765 1367 libere
808 1332 849 1367 et
881 1332 1085 1378 perpetue
1119 1328 1412 1379 possidendam
1452 1329 1670 1381 assignari
1702 1326 1874 1367 fecimus
1906 1328 1948 1367 in
1979 1327 2078 1367 sub-

236 1398 378 1437 sidium
418 1402 459 1436 et
497 1398 685 1436 leuamen
728 1398 907 1447 ipsorum
948 1397 1097 1447 inopie.
1160 1398 1208 1436 In
1255 1398 1372 1435 cuius
1420 1398 1482 1435 rei
1528 1397 1800 1436 testimonium
1848 1399 2077 1447 presentem

236 1467 432 1519 paginam
465 1465 673 1503 conscribi
716 1468 757 1503 et
789 1465 919 1518 sigilli
960 1466 1090 1503 nostri
1123 1466 1340 1503 munimine
1380 1463 1550 1504 fecimus
1584 1465 1786 1504 roborari.
1848 1465 1958 1504 Acta
1990 1466 2080 1504 sunt

236 1533 314 1572 hec
347 1535 386 1571 in
421 1534 589 1572 Brunna
633 1533 901 1583 presentibus
934 1533 1133 1572 testibus:
1178 1533 1386 1572 usitkone
1426 1533 1478 1572 de
1512 1545 1618 1572 nouo
1661 1537 1811 1572 castro.
1844 1532 2078 1572 Bocekone.
2128 1549 2130 1578 ε

237 1601 438 1640 Hartlibo.
471 1601 594 1640 Ydic.
630 1600 873 1641 Cbaztolao.
905 1601 1094 1652 Lupoldo
1129 1602 1342 1652 pincerna.
1375 1600 1588 1641 wicardo
1623 1600 1674 1639 de
1707 1601 1866 1651 Tyrna.
1898 1600 2079 1640 Andrea-

238 1669 460 1708 Lamborto
503 1673 545 1708 et
593 1681 712 1719 quam
760 1669 944 1719 pluribus
993 1670 1098 1707 aliis.
1163 1670 1285 1708 Anno
1332 1669 1393 1708 M.
1443 1667 1533 1710 CC.
1579 1669 1740 1708 XLIX.
1786 1670 1829 1709 X
1866 1668 2080 1708 Kalendas

241 1736 446 1776 Octobris.
509 1737 659 1776 Datum
693 1748 769 1787 per
800 1749 944 1776 manus
976 1737 1221 1776 Prisnobori
1254 1739 1369 1777 curie
1403 1741 1546 1777 nostre
1579 1737 1741 1776 notarii.

545 1834 574 1866 E
599 1837 716 1876 copia
738 1837 925 1867 monasterii
948 1835 1108 1877 quondam
1131 1835 1398 1867 Eremitarum
1421 1836 1552 1867 sancti
1576 1835 1796 1877 Augustini
1819 1834 1975 1866 ibidem.

1077 1999 1157 2042 CX
1164 2001 1255 2040 LV.

246 2100 361 2139 Idem
393 2103 694 2141 renuntiatione
731 2103 849 2155 faeta
896 2103 1107 2142 W'e'llzelmz'
1145 2102 1196 2142 de
1234 2101 1481 2142 Drnoholec
1517 2103 1641 2154 pleno
1668 2104 1773 2154 Jnre
1804 2103 2007 2142 Heinrico
2036 2099 2084 2140 de

346 2169 631 2209 Lichcenstein
663 2171 793 2210 tradit
830 2171 1171 2222 Nicol.s·bw2qmn.
1234 2172 1306 2210 Dt.
1338 2171 1436 2211 XV.
1469 2170 1691 2210 Kalendas
1726 2169 1985 2220 Decembris,

1097 2239 1248 2279 1249.

2116 2199 2120 2303 λ

395 2328 602 2398 premysl
635 2348 700 2387 dei
734 2351 886 2402 gracia
924 2349 1194 2389 Illustrissimi
1225 2349 1484 2389 NVenceziai
1523 2349 1768 2388 Boemorum
1799 2349 1939 2402 Regis
1971 2344 2082 2398 filiuS,
2115 2339 2118 2356 ’

248 2412 438 2452 Marciiio
464 2415 656 2454 Morauie
683 2417 868 2455 omnibus
892 2417 1000 2455 hanc
1029 2418 1187 2457 literam
1215 2419 1465 2468 inspecturis
1491 2419 1532 2456 in
1557 2421 1809 2468 perpetuum.
1858 2415 2081 2457 Censemus
2114 2414 2116 2432 ³

250 2483 502 2519 conueniens
531 2489 568 2520 ot
600 2484 826 2537 honestum7
859 2488 902 2523 ut
929 2496 1083 2538 eorum7
1117 2488 1183 2536 qui
1209 2497 1256 2524 se
1290 2488 1403 2524 circa
1428 2487 1696 2525 serenitatem
1721 2485 1866 2524 domini
1892 2488 1932 2522 et
1960 2481 2082 2533 patris
2113 2500 2115 2518 1

251 2549 378 2585 nostri
402 2548 576 2588 Illustris
619 2552 758 2605 Regis
793 2553 1063 2606 &Vencezlai7
1092 2557 1135 2592 et
1154 2558 1335 2593 nostram
1363 2554 1643 2593 exhibuerunt
1665 2552 1810 2592 fideles
1835 2555 1876 2592 et
1902 2551 2083 2599 deuotus,
2112 2575 2114 2578 >
