2155 2928
1085 186 1184 227 172

211 331 327 370 dere.
390 329 509 379 Quod
541 333 674 369 autem
707 329 840 368 nullus
879 337 1082 378 processu
1113 326 1310 376 temporis
1353 336 1482 376 super
1519 324 1600 365 hac
1639 325 1871 367 donacione
1909 332 2051 370 nostra

209 399 439 452 liberaliter
471 402 512 438 et
544 398 595 437 de
628 408 836 436 consensu
869 394 1042 446 predicti
1076 393 1223 432 domini
1256 394 1465 432 Brunonis
1498 394 1682 445 episcopi
1714 396 1793 434 rite
1826 394 1934 436 facta
1973 398 2050 437 du-

209 467 376 506 bietatis
407 478 483 506 seu
516 465 661 505 sriuole
701 463 928 515 questionis
967 462 1186 512 scrupulus
1227 461 1381 500 debeat
1421 472 1648 516 emergere
1687 463 1881 515 nullaque
1920 467 2051 516 possit

210 535 441 585 calumpnia
473 533 649 573 suboriri
682 534 917 582 presentem
950 531 1149 583 paginam
1188 529 1230 568 in
1271 529 1446 569 euidens
1486 535 1775 584 argumentum
1816 536 1858 571 et
1899 533 1952 571 ad
1990 536 2049 574 rei

210 604 441 641 memoriam
473 602 758 651 sempiternam
791 597 999 636 conscribi
1033 601 1074 636 et
1113 597 1244 650 sigilli
1275 598 1406 636 nostri
1438 599 1655 637 munimine
1694 600 1887 638 iussimus
1926 601 2050 641 robo-

209 670 309 708 rari.
371 670 480 708 Acta
512 671 606 707 sunt
638 668 716 705 hec
749 668 788 704 in
823 664 991 704 olomuc
1023 665 1147 704 Anno
1180 664 1326 703 domini
1359 665 1419 705 M.
1448 663 1536 706 CO.
1554 666 1669 705 LIII.
1702 667 1945 707 Indiccione
1975 669 2049 709 XI.

209 737 475 788 presentibus
514 736 593 774 hiis
632 734 807 773 testibus
850 733 1010 771 domino
1047 733 1245 772 Brunone
1286 732 1548 772 Olomucensi
1589 735 1787 785 episcopo
1826 735 2050 777 Bocekone

209 816 299 844 cum
330 803 527 843 fratribus
559 803 773 842 Mikulone
806 804 848 840 et
878 801 1058 839 Kunone
1090 801 1303 840 Ienchone
1335 812 1426 840 cum
1469 800 1600 841 fratre
1640 814 1716 842 suo
1748 804 1950 844 I-Iartlebo
1981 805 2051 844 10-

208 872 346 911 hanne
380 873 472 922 pipa
505 870 686 911 Smilone
726 869 778 908 de
817 869 986 908 belkow
1023 880 1113 907 cum
1151 867 1349 908 fratribus
1391 871 1480 909 suis
1519 871 1681 909 Iarosio
1721 875 1763 910 et
1794 872 2050 923 Marquardo

209 940 388 981 Sdeslao
422 939 473 977 de
505 938 739 979 Sternberk
781 935 967 987 dapifero
1000 937 1253 976 Wolbramo
1293 938 1493 988 pincerna
1526 939 1774 978 Pardusone
1808 937 2050 980 camerario

210 1007 470 1047 olomucensi
503 1009 544 1044 et
566 1004 698 1044 fratre
731 1017 806 1044 suo
829 1004 1047 1045 Sudomiro
1081 1007 1312 1044 camerario
1346 1006 1700 1046 Brechislauiensi
1735 1007 1926 1046 Pircosio
1951 1007 2051 1047 bur-

208 1075 360 1127 grauio
384 1074 658 1113 olomucensi.
700 1073 873 1112 Beneda
898 1072 1121 1112 forestario
1151 1073 1258 1125 quod
1284 1074 1526 1127 vulgariter
1549 1078 1671 1114 sonat
1694 1075 1842 1114 Lowci
1865 1075 2051 1116 Bludone

206 1140 285 1180 filio
325 1141 505 1181 Onsonis
546 1141 784 1180 Nezamislo
826 1141 1014 1180 Iohanne
1054 1141 1190 1180 iudice
1237 1141 1500 1181 Olomucensi
1542 1143 1741 1181 Heinrico
1785 1143 1836 1182 de
1876 1143 2051 1183 Huzzek

208 1208 383 1248 Otthone
418 1209 469 1247 de
501 1209 672 1248 Mesow
704 1209 962 1260 marquardo
997 1209 1048 1248 de
1081 1209 1209 1250 Stiria
1243 1208 1427 1249 Calocho
1455 1210 1506 1249 de
1532 1210 1776 1264 'Pulbingen
1804 1211 2050 1250 teuthonicis

207 1276 331 1315 Petro
357 1277 598 1327 prouinciali
619 1277 881 1316 Olomucensi
900 1285 941 1316 et
966 1278 1046 1316 alio
1067 1277 1194 1316 Petro
1214 1278 1454 1328 prouinciali
1477 1278 1803 1318 Brecislauiensi
1823 1279 2049 1318 Walthero

207 1344 258 1382 de
291 1344 360 1382 lbs
384 1343 538 1384 Siti-ido
573 1348 613 1384 et
636 1343 766 1383 l'ratre
793 1347 882 1383 eius
908 1343 1094 1385 Gotsrido
1123 1346 1398 1396 scriptoribus
1431 1347 1546 1384 curie
1579 1350 1721 1385 nostre
1746 1351 1787 1385 et
1818 1347 1909 1386 aliis
1937 1358 2051 1398 quam

206 1413 398 1463 plurimiS.
461 1412 611 1452 Datum
645 1414 684 1452 in
719 1413 888 1453 Olomuc
921 1425 995 1464 per
1027 1425 1184 1453 manum
1219 1414 1436 1452 usillielnii
1470 1415 1770 1465 prothonotarii
1803 1416 1935 1454 nostri
1960 1415 2048 1454 No-

206 1492 283 1520 nas
315 1481 513 1534 Augusti.

509 1579 540 1610 E
564 1578 704 1611 codice
728 1579 772 1611 11.
795 1579 1038 1621 privilegiorum
1063 1579 1196 1620 capituli
1220 1578 1503 1611 olomucensis
1527 1580 1580 1611 sol.
1604 1579 1667 1612 23.

1005 1741 1124 1785 CXC
1132 1744 1249 1784 VIII.

205 1843 321 1883 Idem
354 1846 588 1884 camerario
622 1845 891 1885 Olomucensz‘
924 1845 1113 1896 Pardus,
1146 1846 1359 1885 attendens
1391 1846 1537 1886 dez-ola
1570 1848 1741 1887 servitia
1773 1848 1877 1899 ejus,
1909 1847 2049 1887 villam

627 1913 791 1952 Il'sz'slfo
815 1913 1097 1953 haereditarie
1124 1915 1298 1967 confert.
1345 1915 1452 1954 Acta
1491 1915 1643 1955 1253.

374 2003 435 2063 In
466 2025 628 2062 nomine
661 2024 810 2063 domini
843 2025 974 2063 nostri
1006 2025 1104 2063 Iesu
1138 2022 1308 2065 Christi.
1340 2025 1489 2064 Amen.
1536 2025 1625 2064 Nos
1659 2025 1725 2064 dei
1758 2025 1910 2079 gracia
1941 2025 2049 2065 Pre-

206 2090 308 2128 mizl.
342 2090 441 2129 Dux
471 2092 657 2142 Austrye
691 2096 732 2131 et
764 2092 922 2143 Styrie.
955 2095 997 2131 et
1027 2091 1220 2131 Mai-chio
1253 2092 1476 2131 Morawie.
1509 2092 1705 2133 Omnibus
1737 2093 1845 2132 hanc
1877 2093 2049 2133 litteram

207 2158 468 2208 inspecturis.
502 2161 541 2198 in
573 2164 832 2210 perpetuum.
867 2160 972 2208 Quia
1006 2161 1143 2199 diuina
1175 2158 1344 2199 fauente
1377 2161 1595 2200 clementia
1627 2162 1668 2199 in
1701 2161 1929 2212 principatu
1961 2172 2048 2200 mo-

207 2227 336 2264 rauie.
369 2228 521 2265 nostris
555 2228 930 2278 predecessoribus
964 2232 1167 2279 tamquam
1200 2228 1327 2267 heres
1360 2229 1573 2282 legitimus
1605 2229 1885 2268 successimus
1924 2239 2048 2279 opor-

207 2296 315 2331 tune.
350 2296 554 2334 conuenit.
594 2299 639 2334 vt
679 2307 754 2334 eos
794 2300 1022 2347 sequentes
1063 2297 1130 2348 qui
1171 2297 1438 2347 prosperitati
1477 2296 1813 2350 congratulando
1855 2297 2048 2347 temporis

208 2362 293 2398 suis
333 2360 518 2401 fidelibus
557 2364 597 2402 in
646 2364 947 2404 hereditatibus
994 2367 1036 2403 et
1074 2364 1294 2403 commodis
1344 2364 1524 2403 diuersis
1566 2364 1853 2414 prouidebant.
1894 2367 1935 2403 et
1974 2374 2047 2402 nos

210 2429 361 2465 nostris
384 2432 633 2479 temporibus
653 2431 824 2472 fidelium
849 2437 1079 2471 nostrorum
1105 2432 1424 2471 considerantes
1450 2433 1731 2471 constanciam
1754 2432 2046 2471 inconuulsam.

210 2494 310 2542 ipsis
344 2497 638 2537 rationabiliter
672 2501 892 2549 prouidere
925 2512 1130 2539 curemus,
1193 2501 1400 2539 Nouerint
1431 2501 1563 2554 igitur
1594 2502 1794 2540 vniuersi.
1827 2504 1907 2539 tam
1948 2509 2046 2550 pre-

211 2562 342 2599 sentis
374 2566 567 2612 temporis
599 2566 783 2607 homines
816 2580 934 2620 quam
966 2567 1102 2608 futuri.
1136 2567 1256 2617 Quod
1288 2579 1366 2607 nos
1399 2568 1665 2608 attendentes
1691 2569 1841 2608 deuota
1867 2568 2046 2608 seruicia
