2155 2928
1108 145 1215 185 304

243 293 292 333 ad
327 293 404 333 hoc
438 303 640 332 assensus
674 288 957 331 olomucensis
990 285 1155 335 capituli
1188 285 1346 323 minime
1380 283 1603 322 interuenit
1636 285 1880 323 auctoritate
1906 289 2076 336 aposto..

241 362 319 401 lica
352 360 633 400 confirmamus
674 364 714 397 et
754 356 959 407 presentis
999 353 1140 401 scripti
1181 352 1409 402 patrocinio
1452 353 1753 390 commuuimus.
1816 353 1924 391 Nulli
1966 366 2074 408 ergo

241 430 400 468 omnino
435 429 631 467 bominum
674 427 796 464 liceat
829 424 934 461 hanc
975 422 1171 473 paginam
1206 423 1347 457 nostre
1380 419 1709 458 confirmacionis
1742 418 1977 473 infringere
2010 422 2075 462 uel

240 498 278 536 ei
313 508 416 535 ausu
457 495 675 534 temerario
715 491 934 530 contraire.
987 488 1034 528 Si
1076 488 1166 537 quis
1199 490 1334 525 autem
1375 485 1453 524 hoc
1493 490 1736 536 attemptare
1778 490 2075 537 presumpserit

240 565 565 617 indignationem
612 558 896 609 omnipotentis
946 556 1010 594 dei
1058 558 1100 593 et
1145 555 1357 593 beatorum
1400 554 1514 592 Petri
1555 557 1596 593 et
1638 555 1754 593 Pauli
1801 556 2074 605 apostolorum

239 633 330 671 eius
362 642 410 670 se
444 631 604 670 nouerit
636 629 903 666 incursurum.
959 624 1108 663 Datum
1139 623 1341 662 Laterani
1374 622 1472 662 XV.
1504 622 1724 662 Kalendas
1755 623 1897 663 Martii
1928 623 2074 664 Ponti-

239 698 387 739 ficatus
419 699 548 738 nostri
580 707 687 735 anno
719 693 904 743 septimo.

542 793 595 825 Ex
618 791 805 833 originali
830 788 1015 829 ejusdem
1038 789 1235 821 monasterii.

1045 909 1264 951 CCCXV.

233 1009 350 1049 Idem
381 1007 568 1057 indulget
601 1006 852 1045 monasterio
898 1003 1230 1053 Weeelzradensi,
1270 1006 1316 1042 ut
1351 1002 1403 1042 de
1439 1002 1557 1042 bonis
1595 1002 1675 1042 sibi
1714 1003 1876 1042 collatis
1914 1003 2072 1045 nullam

327 1078 512 1115 teneatur
544 1075 706 1113 soli-ere
734 1075 978 1125 portionem.
1041 1073 1114 1112 Dc.
1148 1072 1366 1123 Laterani,
1400 1070 1454 1110 X.
1488 1071 1590 1111 Kal.
1622 1072 1784 1122 Martii,
1824 1071 1975 1111 1261.

374 1159 644 1219 Alexander
676 1176 897 1225 episcopus
929 1186 1080 1213 seruus
1113 1185 1327 1213 seruorum
1361 1173 1440 1212 dei.
1497 1173 1674 1211 Dilectis
1708 1171 1798 1212 tiliis
1831 1201 1841 1211 .
1875 1202 1885 1212 .
1916 1173 2071 1212 Abbati

231 1250 272 1286 et
306 1244 534 1284 Conuentui
578 1244 823 1283 Monasterii
859 1243 910 1281 de
960 1241 1199 1292 Welleqrad
1241 1240 1541 1281 Cisterciensis
1581 1241 1751 1279 ordinis.
1785 1240 2071 1280 olomucensis

230 1313 422 1353 diocesis.
455 1312 639 1352 Salutem
674 1316 715 1350 et
747 1311 1012 1361 apostolicam
1046 1311 1385 1349 benedictionem.
1443 1309 1607 1348 Meritis
1640 1313 1781 1348 uestre
1814 1320 1939 1348 sacre
1973 1309 2072 1348 reli-

229 1382 369 1435 gionis
403 1380 640 1432 inducimur,
673 1383 715 1418 ut
747 1391 824 1417 uos
857 1379 1029 1428 speciali
1063 1379 1213 1432 gracia
1248 1388 1558 1428 prosequamur.
1615 1378 1724 1416 Hinc
1758 1381 1823 1416 est
1855 1377 1962 1428 quod
1997 1388 2071 1417 nos

227 1450 380 1487 uestris
412 1447 779 1498 supplicationibus
806 1451 1053 1500 annuentes7
1085 1447 1330 1485 auctoritate
1358 1446 1477 1484 uobis
1511 1446 1760 1495 presentium
1795 1445 2070 1499 indulgemus,

227 1520 270 1556 ut
310 1516 361 1555 de
400 1517 518 1554 bonis
562 1515 775 1554 mobilibus
814 1518 857 1553 et
897 1514 1178 1563 immobilibus,
1219 1512 1454 1552 feudalibus
1497 1513 1698 1552 duntaxat
1741 1512 1947 1566 exceptis,
1989 1522 2069 1565 que

231 1582 386 1624 Christi
426 1582 568 1623 fideles
609 1584 700 1622 sani
747 1585 789 1621 et
827 1582 1052 1620 incolumes
1091 1582 1142 1620 ad
1183 1592 1231 1620 se
1269 1582 1501 1630 spectantia
1543 1582 1581 1619 in
1630 1582 1712 1619 uita
1754 1593 1829 1619 sua
1869 1580 1991 1619 uobis
2030 1584 2072 1620 et

230 1651 488 1690 Monasterio
527 1655 666 1690 uestro
702 1650 950 1688 contulerint
992 1650 1133 1688 intuitu
1168 1650 1344 1698 pietatis,
1387 1649 1532 1686 nullam
1566 1649 1786 1687 teneamini
1828 1648 1948 1686 alicui
1983 1648 2071 1687 sol-

231 1729 332 1757 uere
364 1720 603 1769 portionem.
665 1718 774 1757 Nulli
808 1728 917 1770 ergo
958 1717 1117 1755 omnino
1152 1717 1351 1755 hominum
1397 1716 1522 1755 liceat
1553 1716 1661 1754 hanc
1702 1717 1895 1769 paginam
1931 1720 2070 1756 nostre

229 1788 514 1825 concessionis
547 1785 796 1839 infringere,
828 1785 895 1824 uel
929 1786 967 1822 ei
1000 1796 1102 1823 ausu
1135 1784 1355 1823 temerario
1388 1785 1609 1823 contraire.
1651 1783 1793 1834 Siquis
1826 1788 1959 1823 autem
1991 1783 2069 1824 hoc

229 1856 471 1903 attemptare
513 1855 810 1904 presumpserit
842 1853 1169 1906 indignationem
1210 1853 1497 1901 omnipotentis
1531 1851 1596 1890 dei
1637 1856 1680 1891 et
1711 1852 1921 1890 beatorum
1954 1851 2068 1890 Petri

227 1924 267 1958 et
299 1921 415 1959 Pauli
447 1922 726 1972 apostolorum
761 1922 851 1959 eius
883 1931 931 1959 se
966 1922 1126 1959 nouerit
1160 1921 1430 1959 incursurum.
1478 1920 1631 1958 Datum
1656 1919 1856 1958 Laterani
1890 1919 1944 1959 X.
1975 1920 2068 1959 Ka-

225 1987 371 2028 lendas
402 1989 557 2028 Martii.
621 1987 891 2028 pontificatus
925 1989 1054 2028 nostri
1088 2000 1195 2027 anno
1228 1988 1415 2038 septimo.

527 2087 581 2118 Ex
604 2087 791 2128 originali
815 2085 998 2128 ejusdem
1021 2087 1218 2117 monasterii.
1241 2104 1284 2109 —
1307 2083 1399 2117 Cod.
1424 2083 1642 2116 Welehrad
1667 2084 1722 2116 fol.
1752 2082 1840 2117 113.

1029 2197 1268 2240 CCCXVI.

224 2290 340 2330 Idem
369 2294 656 2344 possessiones
690 2296 728 2332 ec
751 2293 956 2333 libertates
987 2293 1240 2331 monasterio
1274 2291 1592 2331 VVelelzradensi
1616 2302 1839 2332 concessas
1866 2291 2065 2330 latissime

377 2364 588 2400 enumerat
617 2364 656 2400 et
685 2362 912 2414 confirmat.
977 2362 1048 2400 Dc.
1080 2360 1300 2411 Laterani,
1341 2359 1387 2398 V.
1420 2360 1523 2399 Kal.
1557 2359 1718 2410 Martii,
1759 2358 1908 2397 1261.

371 2442 635 2501 Alexander
667 2464 888 2513 episcopus
921 2474 1071 2501 seruus
1104 2474 1317 2501 seruorum
1359 2462 1438 2501 dei.
1501 2462 1678 2500 Dilectis
1719 2459 1809 2499 filiis
1841 2488 1852 2499 .
1884 2488 1894 2498 .
1926 2457 2061 2498 abbati

227 2529 463 2566 monasterii
513 2534 657 2570 sancte
703 2532 840 2571 Marie
888 2533 929 2571 in
966 2530 1180 2582 weleyrad
1219 2531 1392 2582 eiusque
1440 2528 1638 2570 fratribus
1676 2532 1757 2568 tam
1798 2527 2058 2579 presentibus
