2155 2928
1108 155 1215 194 400

240 301 407 353 possitis
440 299 647 339 felicitatis
680 299 836 353 gaudia
872 297 1105 347 peruenire.
1152 295 1240 334 Nos
1274 295 1379 333 enim
1412 292 1464 333 de
1498 293 1784 345 omnipotentis
1816 294 1883 335 dei
1915 296 2080 336 miseri-

239 369 381 408 cordia
416 367 556 407 confisi
592 367 642 406 ad
678 368 918 417 peticionem
953 363 1206 401 venerabilis
1248 363 1287 400 in
1321 360 1491 402 Christo
1532 363 1660 412 patris
1693 362 1840 401 domini
1872 364 2078 405 Brunonis

239 437 424 488 episcopi
464 435 763 486 olomucensis,
806 432 990 471 omnibus
1034 441 1135 469 vere
1176 430 1454 480 penitentibus
1495 433 1537 469 et
1576 428 1800 484 confessis,
1841 432 1908 482 qui
1947 431 2079 473 eidem

241 505 422 544 ecclesie
456 503 729 553 olomucensi,
769 501 860 538 moti
894 499 1080 537 caritatis
1121 498 1280 536 stimulo
1322 510 1479 536 manum
1523 499 1787 548 porrexerint
1825 498 2077 554 adiutricem,

241 572 520 624 quadraginta
561 570 650 608 dies
691 568 742 606 de
784 569 963 605 iniuncta
1006 566 1084 604 sibi
1126 566 1358 616 penitencia
1399 565 1651 618 relaxamus,
1691 566 1968 605 existentibus
2008 578 2082 618 per

241 638 552 678 olomucensem
585 636 778 675 diocesim
812 637 854 673 et
885 644 1017 683 usque
1050 632 1102 671 ad
1129 633 1476 671 consumationem
1510 634 1649 684 operis
1674 633 1889 672 valituras,
1933 634 2080 675 Datum

238 707 280 745 in
313 704 561 747 Cremesere
594 704 634 741 in
666 702 732 741 die
765 702 875 741 beati
907 701 1026 740 Luce
1059 700 1357 754 ewangeliste,
1391 712 1500 740 anno
1534 700 1681 740 domini
1713 698 2080 743 M.cc.1,xV11.

542 800 597 832 Ex
620 799 810 841 originali
832 800 863 830 in
886 798 1021 830 archivo
1045 798 1212 840 capituli
1235 796 1533 831 olomucensis.

1021 953 1301 996 CCCXCIX.

237 1048 388 1100 Gamo,
421 1048 653 1088 cardinalis
686 1051 724 1087 et
754 1048 1009 1100 apostolicae
1041 1048 1154 1088 sedis
1186 1049 1360 1099 leyalus,
1398 1048 1572 1088 vidimat
1606 1050 1858 1088 monasterio
1891 1048 2078 1089 bucensi

240 1117 381 1156 literas
412 1117 597 1156 Honorz‘i
626 1128 762 1168 papae
795 1115 872 1155 IV.
912 1128 1038 1167 super
1071 1116 1268 1155 decimas.
1329 1118 1484 1156 Datum
1516 1118 1560 1155 in
1590 1118 1842 1156 monasterio
1874 1117 2074 1169 bucensi,

746 1184 826 1223 XI.
861 1184 1082 1223 Kalendas
1114 1184 1376 1235 Novembris,
1417 1184 1571 1225 1267.

374 1259 619 1318 Vniuersis
660 1281 881 1327 presentes
921 1278 1082 1317 litteras
1122 1279 1384 1329 inspecturis.
1447 1278 1598 1316 Frater
1631 1277 1781 1331 Guido,
1813 1278 2077 1318 miseratione

2149 1294 2152 1339 l

237 1345 374 1384 diuina
414 1346 516 1384 tituli
555 1344 701 1385 Sancti
741 1345 965 1397 Laui-encij
1007 1347 1046 1384 in
1090 1346 1249 1384 Lucina
1290 1346 1513 1396 presbyter
1560 1344 1797 1386 Cardinalis
1838 1346 2080 1397 Apostolice

237 1413 362 1454 Sedis
395 1413 591 1466 Legatus
624 1413 797 1452 salutem
830 1414 869 1452 in
904 1413 1076 1453 domino.
1124 1414 1301 1452 Nouerit
1335 1415 1589 1453 vniuersitas
1621 1418 1779 1466 uestra,
1813 1425 1889 1452 nos
1922 1414 2079 1453 litteras
2146 1456 2148 1462 ,

2146 1416 2150 1435 1

237 1479 369 1519 felicis
397 1481 698 1520 recordationis
725 1482 886 1520 Domini
912 1483 1085 1520 Honorii
1112 1493 1218 1533 pape
1250 1483 1324 1521 111.
1358 1494 1438 1520 non
1472 1482 1742 1534 cancellatas,
1775 1493 1857 1520 non
1889 1482 2079 1535 abrasas,
2146 1491 2147 1506 ¹

236 1561 317 1587 non
351 1549 541 1601 abolitas,
584 1560 661 1587 nec
702 1550 742 1587 in
785 1549 920 1600 aliqua
953 1554 1071 1600 parte
1104 1551 1166 1588 sui
1199 1551 1390 1602 uiciataS,
1432 1561 1520 1588 cum
1559 1561 1662 1588 uera
1695 1549 1804 1588 bulla
1838 1552 1880 1589 et
1912 1550 2078 1603 integro

236 1615 300 1654 filo
326 1617 495 1669 uidisse,
520 1621 560 1655 et
585 1617 813 1670 diligenter
837 1619 1077 1667 inspexisse
1102 1619 1141 1656 in
1166 1618 1244 1656 hec
1268 1618 1413 1657 uerba.
1460 1618 1702 1666 (Honorius
1729 1618 1950 1668 episcopus
1982 1646 1993 1657 .
2025 1645 2036 1656 .
2066 1635 2079 1648 ο

238 1684 307 1722 m.
340 1684 469 1722 XIII.
498 1684 719 1723 Kalendas
744 1685 869 1723 Ιαηὶἱ.
903 1685 1181 1736 Pontificalas
1214 1697 1324 1724 anno
1356 1686 1478 1726 VIII.
1519 1685 1622 1725 Vide
1652 1697 1693 1724 η.
1718 1685 1829 1726 CLI
1836 1683 1879 1725 V.
1915 1685 1963 1724 Τ.
1995 1684 2079 1734 11.)

236 1751 284 1790 In
324 1753 439 1790 cuius
486 1754 548 1791 rei
587 1753 881 1791 Testimonium
930 1755 1114 1803 presenti
1155 1755 1407 1804 transcripto
1447 1754 1628 1807 sigillum
1670 1757 1850 1792 nostrum
1891 1753 2079 1793 duximus

235 1819 532 1869 apponendum.
596 1821 745 1859 Datum
795 1822 834 1859 in
882 1821 1141 1860 Monasterio
1184 1822 1387 1872 Luc-ensi,
1434 1822 1511 1861 XI.
1550 1821 1767 1861 Kalendas
1817 1821 2078 1861 Nouembris.
2138 1843 2139 1866 3

236 1886 504 1927 Pontificatus
538 1889 701 1928 Domini
735 1887 960 1929 Clementis
994 1901 1101 1940 pape
1134 1891 1268 1940 quarti
1301 1901 1410 1929 anno
1442 1890 1579 1929 tertio.

542 1986 595 2017 Ex
619 1987 809 2028 originali
834 1985 1015 2028 ejusdem
1038 1988 1251 2019 monasteriis

1111 2143 1204 2185 CD.

239 2233 401 2284 Bruno,
435 2235 655 2286 episcopus
682 2235 986 2286 olomucensis9
1019 2239 1193 2276 renovat
1212 2237 1465 2276 neonasterio
1493 2236 1784 2276 Oslowanensz‘
1812 2235 2076 2288 privilegium

270 2312 394 2351 super
424 2303 502 2353 J'us
541 2306 785 2354 patronatus
825 2305 1028 2343 ecclesiae
1059 2317 1092 2343 s.
1125 2304 1279 2344 Jacobz‘
1317 2305 1508 2344 Bra-nae.
1569 2305 1728 2344 Datum
1767 2305 1811 2344 in
1842 2302 2048 2354 Modiin-e,

840 2371 986 2411 Idibus
1017 2372 1280 2423 Novembris,
1320 2372 1470 2413 1267.

2132 2052 2136 2131 ἔ

2130 2136 2134 2185 ε

2129 2205 2132 2225 l

2127 2260 2131 2301 Ι

2124 2408 2127 2428 Ι

386 2444 561 2515 Bruno,
604 2463 670 2502 dei
711 2465 862 2517 gracia
902 2466 1125 2515 episcopus
1166 2464 1464 2506 olomucensis.
1527 2465 1704 2504 Dilectis
1745 2465 1784 2504 in
1824 2463 1990 2506 Christo
2022 2491 2032 2502 .
2063 2489 2074 2502 .
2122 2492 2126 2515 ‚

244 2526 455 2567 abbatisse
505 2534 545 2569 et
587 2533 805 2571 conuentui
853 2533 1218 2573 sanctimonialium
1265 2534 1305 2572 in
1356 2533 1551 2573 Ozlaucm
1594 2533 1768 2573 salutem
1816 2534 1857 2572 in
1904 2532 2073 2571 domino.
