2155 2928
1071 172 1147 230 12-

1009 311 1195 352 XXXII.

192 432 485 481 Wenceslaus,
533 440 616 467 rex·
658 426 861 466 Βοέηιὶιιε
905 421 1132 470 libertates,
1166 420 1275 471 ιῘηηι
1323 419 1362 456 el
1405 417 1519 467 {eyes
1564 415 1742 454 cii-itatis
1788 414 2029 454 Brunensis

531 495 694 534 stabilit.
757 494 827 532 m.
860 492 1050 540 Pmyaej
1082 498 1224 526 mense
1255 485 1486 534 ιῙιιηιιανὶο,
1526 483 1677 523 1243.

355 582 414 641 ln
439 598 599 637 nomine
625 596 762 635 Patris
790 596 831 631 et
854 592 946 631 Filii
974 593 1015 629 et
1037 589 1218 639 Spiritus
1243 586 1391 626 sancti.
1419 586 1567 625 Amen.
1615 584 1705 624 Nos
1727 584 2029 624 XVencezlaus

183 669 268 708 Dei
307 668 459 721 gracia
490 667 587 703 Rex
627 662 797 703 Boemie
830 662 1013 711 quartus.
1057 656 1265 696 Omnibus.
1305 657 1386 693 tam
1424 653 1607 704 posteris
1646 664 1766 703 quam
1806 651 2030 691 modernis.

184 736 380 778 Salutem.
407 734 549 774 Gloria
573 731 796 781 principum
821 738 896 778 per
919 736 1062 777 pacem
1080 729 1121 764 et
1145 723 1399 763 subditorum
1421 722 1597 773 quietem
1621 721 1787 774 largius
1815 720 2030 760 elucescit.

185 815 275 843 cum
299 801 405 841 fama
429 799 656 840 clementie.
690 807 740 835 ac
767 794 984 848 diligentia
1015 792 1285 844 protectionis
1319 802 1459 830 eorum
1486 789 1725 828 extenditur
1756 789 1799 828 in
1821 790 2030 840 posteros.

186 875 227 910 et
259 870 450 909 memoria
489 867 660 906 nominis
694 875 846 903 eorum.
888 873 1005 912 quam
1040 861 1233 899 continue
1273 859 1407 898 studio
1450 859 1614 899 uirtutis
1656 858 1888 908 acquirunt.
1920 855 2030 908 apud

186 938 372 977 homines
405 937 617 986 permanet
658 930 905 971 immortalis.
967 928 1154 969 Salutem
1195 938 1358 978 quoque
1391 930 1634 977 perpetuam
1672 937 1698 964 a
1737 925 1897 964 domino
1930 935 2031 975 pro-

184 1008 405 1045 merentur.
438 1014 526 1040 cum
559 1001 771 1040 subiectos
812 997 959 1049 quibus
994 999 1165 1050 possunt
1203 996 1323 1034 bonis
1356 994 1724 1033 consuetudinibus
1764 997 1806 1032 et
1836 993 2032 1032 institutis

185 1072 386 1111 honestis.
419 1069 471 1108 ab
505 1066 814 1107 enormitatibus
849 1065 996 1116 quibus
1031 1076 1111 1103 non
1144 1064 1273 1102 solum
1312 1074 1502 1113 corpora.
1535 1061 1612 1100 sed
1646 1062 1767 1100 etiam
1799 1061 1934 1100 anime
1966 1061 2033 1099 in-

184 1138 415 1179 tolerabilia
447 1136 631 1187 pericula
671 1136 940 1173 sustinerent.
975 1132 1202 1171 retrahunt.
1243 1135 1284 1170 et
1315 1131 1368 1170 ad
1400 1131 1565 1169 iusticie
1603 1131 1816 1168 tramitem.
1850 1139 2034 1168 conuer-

184 1208 478 1255 sacionemque
520 1204 747 1255 probatam.
791 1205 833 1241 et
871 1205 1085 1252 acceptam
1133 1204 1174 1239 et
1215 1199 1354 1239 vtilem
1396 1199 1622 1237 vniuersis.
1663 1197 1765 1236 iuris
1803 1197 2034 1237 seueritate

185 1274 426 1326 perducunt.
489 1273 600 1311 Hinc
640 1274 718 1310 est.
761 1270 870 1321 quod
913 1280 990 1308 nos
1037 1269 1277 1307 dilectorum
1318 1267 1465 1306 ciuium
1506 1270 1739 1305 nostrorum
1787 1265 1839 1305 de
1881 1265 2035 1304 Brmm

186 1342 462 1381 deuocionem.
504 1350 739 1390 precesque
781 1337 1046 1376 affectuosas.
1086 1339 1128 1375 et
1168 1335 1364 1374 assiduas
1404 1334 1692 1374 aduertentes.
1733 1333 1952 1373 libertates
1995 1336 2038 1372 et

185 1411 276 1449 iura
308 1409 556 1459 subscripta.
581 1419 657 1458 per
690 1418 770 1458 que
800 1405 1082 1457 tranquillitati
1117 1408 1158 1443 et
1181 1403 1380 1442 communi
1412 1402 1577 1441 Vtilitati
1601 1413 1741 1441 eorum
1775 1401 2036 1440 decreuimus

184 1477 493 1528 prouidendum.
534 1477 650 1526 ipsis.
691 1479 732 1514 et
772 1485 912 1514 eorum
951 1472 1178 1512 heredibus
1218 1475 1259 1511 et
1304 1471 1498 1522 posteris.
1539 1470 1591 1510 de
1630 1470 1778 1523 Regia
1817 1468 2037 1508 clementia

185 1546 464 1598 indulgemus.
505 1555 608 1594 quas
642 1543 694 1582 de
734 1543 887 1596 gracia
920 1541 1092 1592 speciali
1135 1540 1420 1579 nichilominus
1453 1538 1610 1577 eisdem
1649 1538 1794 1588 scripti
1826 1537 2037 1588 presentis

184 1614 414 1653 testimonio
443 1611 739 1651 confirmamus.
787 1610 1016 1651 Statuimus
1050 1609 1192 1662 igitur.
1219 1611 1263 1646 vt
1290 1607 1533 1658 quicumque
1567 1606 1716 1645 ciuivm
1740 1605 1902 1644 habens
1929 1603 2038 1644 infra

187 1682 368 1720 civitatis
386 1680 586 1719 ambitum.
604 1679 684 1718 hoc
703 1682 768 1717 est
787 1677 892 1717 infra
915 1676 1113 1716 fossatum
1135 1679 1175 1714 et
1191 1687 1356 1714 murum.
1374 1674 1523 1713 valens
1542 1674 1848 1726 quinquaginta
1866 1671 2037 1712 talenta.

190 1760 427 1800 quemquam
468 1747 680 1787 occiderit.
721 1747 831 1785 nulla
871 1757 944 1796 pro
985 1755 1034 1783 se
1074 1743 1342 1782 fideiussione
1382 1742 1586 1795 indigeat.
1625 1741 1703 1780 sed
1740 1741 1868 1780 iudex
1906 1741 2039 1791 ipsum

187 1818 286 1855 citet
316 1816 447 1854 tribus
481 1815 640 1854 edictis.
668 1815 708 1853 id
741 1818 805 1853 est
837 1814 970 1852 tribus
993 1814 1156 1853 vicibus
1189 1810 1308 1851 infra.
1332 1812 1409 1850 VI.
1436 1810 1704 1850 ebdomadas.
1738 1810 1796 1849 ita
1829 1808 1936 1861 quod
1971 1809 2038 1848 cui

188 1883 441 1923 homicidium
481 1884 732 1936 impingitur.
773 1886 921 1935 neget.
969 1893 1017 1920 se
1058 1881 1163 1920 idem
1210 1879 1466 1919 homicidium
1506 1878 1774 1917 commisisse.
1824 1880 1866 1916 et
1907 1877 1944 1915 si
1989 1887 2039 1916 se

189 1952 446 1990 innocentem
472 1951 696 1989 ostendere
720 1950 910 1989 voluerit.
938 1952 1153 2002 expurget
1170 1959 1218 1987 se
1241 1947 1340 1986 Vn.
1357 1948 1460 1986 viris
1478 1946 1748 1985 credibilibus
1775 1947 1817 1984 et
1836 1944 2038 1983 honestis.

190 2019 297 2059 inter
336 2030 437 2069 quos
477 2019 672 2058 videlicet
713 2019 809 2057 Vll.
852 2019 906 2057 sit
943 2029 1050 2056 unus
1091 2017 1143 2056 de
1182 2016 1327 2055 iuratis
1372 2015 1595 2065 Principis.
1639 2024 1758 2065 quem
1799 2013 1836 2051 si
1876 2012 2039 2051 habere

192 2086 435 2136 nequiuerit.
468 2087 655 2137 acquirat
688 2097 776 2127 eum
811 2097 886 2136 per
925 2085 992 2124 dei
1025 2085 1239 2124 iusticiam.
1272 2083 1312 2122 id
1352 2086 1417 2122 est
1449 2093 1525 2133 per
1564 2092 1725 2133 aquam.
1782 2081 1896 2119 Item.
1931 2078 2039 2128 Qvi-

196 2165 356 2204 cunque
388 2154 506 2192 alium
539 2154 590 2192 (le
623 2154 852 2193 homicidio.
884 2154 954 2193 vel
987 2153 1038 2192 de
1071 2154 1291 2192 inuasione
1325 2152 1480 2191 domus.
1514 2151 1593 2190 hoc
1627 2153 1693 2188 est
1724 2148 2039 2199 Heymsvoche.

194 2221 263 2259 vel
296 2221 345 2259 de
370 2232 623 2272 quocumque
656 2226 777 2261 reatu
801 2221 999 2261 consimili
1032 2221 1275 2271 culpauerit.
1303 2220 1500 2270 priusmet
1532 2217 1744 2257 secundus
1769 2217 1877 2256 iuret
1901 2227 2039 2255 coram

196 2287 357 2326 iudicio.
384 2289 489 2339 quod
516 2301 594 2328 nec
621 2289 786 2328 inuidie.
810 2300 889 2328 nec
922 2290 1139 2328 inimicicie
1172 2299 1315 2327 causa.
1338 2287 1418 2326 nisi
1450 2286 1502 2325 de
1528 2285 1721 2336 culpabili
1745 2285 2040 2335 conqueratur.

197 2352 316 2405 Qvod
348 2356 384 2393 si
415 2368 496 2395 non
527 2355 688 2401 fecerit.
727 2361 844 2397 actor
877 2358 968 2407 ipse
1007 2357 1260 2408 querimonie
1293 2367 1369 2395 sue
1410 2353 1665 2394 renuntiabit
1704 2363 1842 2393 coram
1875 2351 2040 2392 iudicio.

199 2432 317 2471 quam
350 2427 491 2462 contra
524 2429 758 2474 suspectum
791 2425 987 2464 habebat.
1046 2423 1095 2465 Si
1122 2436 1225 2463 vero
1259 2426 1496 2474 suspectus.
1522 2422 1620 2461 Vll.
1652 2432 1700 2460 se
1731 2421 1834 2460 uiris
1867 2417 2041 2469 prefatis

198 2492 515 2542 expurgauerit.
548 2493 747 2531 innocens
781 2493 859 2531 erit
898 2505 923 2531 a
955 2492 1091 2531 iudice
1131 2495 1173 2530 et
1205 2495 1362 2530 actore.
1424 2491 1473 2531 Si
1512 2501 1615 2529 vero
1654 2489 1776 2528 talem
1815 2497 2042 2539 expurga-

200 2556 360 2595 cionem
392 2557 548 2597 habere
588 2561 833 2611 nequiuerit.
873 2561 1010 2611 capite
1053 2560 1257 2611 puniatur.
1297 2559 1366 2598 vel
1407 2557 1633 2602 secundum
1673 2557 1863 2610 graciam
1895 2554 2042 2593 iudicis
