2155 2928
953 122 1053 162 123

895 262 1094 304 CXLIX.

74 367 284 418 Pffemysl,
317 366 506 405 marchio
538 367 773 417 ,Horat-iae,
806 366 999 418 acijwzqil
1028 365 1230 404 ecelesiae
1267 376 1300 403 s.
1334 364 1458 403 Petra·
1491 364 1668 403 Brmwe
1700 364 1920 402 ecclesiam

73 436 116 475 in
155 436 308 486 KoijJ'm
349 434 557 484 (Gurcin)
600 447 691 472 cnm
736 435 872 485 pleni-s·
913 434 1084 472 dec-imis
1124 437 1163 471 et
1198 433 1441 484 quibusdam
1483 433 1629 471 laneis.
1698 433 1764 470 Dr.
1807 432 1921 483 apud

584 503 792 552 Brunam,
822 503 864 540 in
897 502 964 540 die
995 514 1028 540 s.
1060 502 1215 552 Blasii,
1256 501 1404 540 1250.

243 594 302 654 In
335 615 495 652 nomine
535 613 657 651 Vnius
698 613 827 651 nostri
867 613 966 651 Iesu
1006 610 1161 652 Christi
1202 622 1333 650 amen.
1397 611 1618 661 Premyzel
1659 610 1723 649 dei
1766 610 1918 663 gracia

73 680 265 720 Mai-chio
297 682 505 720 Morauie.
562 681 783 721 Uniuersis
818 679 974 721 Christi
1009 679 1197 718 fidelibus
1230 680 1306 718 hos
1340 681 1483 730 apices
1517 680 1768 730 inspecturis
1801 680 1918 717 salu-

72 752 149 787 tem
182 750 223 787 in
257 760 306 786 eo
341 751 407 799 qui
441 754 638 799 operatur
672 750 710 786 in
744 749 875 787 medio
908 753 1022 787 terre
1056 749 1240 787 salutem.
1289 748 1356 786 Ad
1390 748 1629 798 sopiendum
1662 749 1796 786 tocius
1830 759 1918 786 am-

71 817 289 870 biguitatis
328 817 562 866 scrupulum
604 820 750 855 noscat
791 821 871 855 tam
914 828 1090 867 presens
1130 816 1330 854 hominum
1370 820 1461 854 etas
1504 827 1623 867 quam
1664 816 1704 854 in
1745 814 1915 854 Christo

72 895 325 924 successura
367 885 589 934 posteritas
630 885 737 935 quod
787 896 862 923 nos
903 885 1174 923 ecclesiarum
1215 884 1323 922 bona
1366 889 1407 923 et
1446 885 1536 922 iura
1577 885 1794 934 cupientes
1837 896 1919 923 non

72 951 295 990 diminuere
328 952 403 990 sed
439 953 582 1002 pocius
608 953 831 1005 adaugere
865 957 906 990 et
938 953 1203 990 incrementis
1231 952 1485 990 salutaribus
1518 952 1690 991 uberius
1723 952 1918 1005 gaudere

71 1020 290 1058 ecclesiam
322 1021 364 1058 in
391 1020 554 1060 Charin.
587 1021 762 1059 ecclesie
786 1021 919 1058 scmcli
950 1020 1073 1058 Petra·
1098 1021 1139 1058 ἱη
1164 1023 1298 1058 monle
1325 1021 1399 1058 site
1431 1019 1591 1058 [ιι-1111716
1616 1031 1690 1070 per
1714 1020 1918 1059 uiolentos

72 1087 312 1127 detentores
338 1088 429 1126 olim
454 1093 760 1139 sequestratam
785 1100 872 1127 cum
898 1089 1030 1138 plenis
1058 1089 1226 1126 decimis
1254 1092 1294 1126 et
1319 1088 1560 1139 quibusdam
1586 1089 1719 1126 laneis
1746 1089 1918 1141 dignum

72 1155 258 1194 duximus
292 1157 590 1206 perpetualiter
622 1156 933 1210 adiungendam
966 1157 1022 1194 ita
1056 1157 1162 1206 quod
1196 1156 1312 1194 simul
1337 1157 1448 1195 unite
1483 1156 1664 1194 debeant
1695 1157 1918 1206 insepara-

69 1223 175 1263 biles
208 1235 455 1274 permanere
489 1228 530 1263 et
564 1224 672 1263 dicta
707 1224 888 1263 ecclesia
923 1225 962 1262 in
989 1223 1149 1264 Chul-in
1183 1225 1366 1263 ecclesie
1402 1226 1535 1263 sancti
1567 1224 1683 1263 Petri
1715 1228 1918 1274 tanlquam

69 1288 149 1330 filia
179 1292 296 1330 matri
330 1292 482 1331 debeat
514 1293 750 1331 subiacere.
813 1294 860 1331 In
894 1294 1010 1331 cuius
1053 1294 1111 1331 rei
1147 1293 1403 1331 euidenciam
1448 1297 1489 1331 et
1523 1298 1761 1343 perpetuam
1794 1291 1918 1331 tirmi-

71 1362 193 1398 tatem
227 1371 404 1410 presens
444 1362 637 1410 scriptum
671 1361 800 1414 sigilli
840 1362 969 1399 nostri
1003 1360 1224 1399 ka1·actere
1265 1362 1455 1399 iussimus
1489 1361 1699 1413 insigniri.
1762 1360 1917 1399 'restes

69 1426 189 1466 huius
222 1429 283 1466 rei
317 1432 412 1466 sunt
435 1428 490 1466 hii
525 1429 723 1467 Dominus
750 1429 931 1467 Botscho
965 1429 1130 1467 Parduz
1157 1429 1421 1468 Zudemirius
1454 1427 1584 1467 frater
1617 1439 1716 1466 suus
1751 1426 1916 1468 Cherro

69 1495 271 1534 Bohvsch
318 1494 420 1534 filius
464 1508 564 1535 suus
611 1497 760 1535 Blvido
810 1495 914 1535 filius
955 1497 1198 1535 Vnschonis
1248 1496 1490 1536 Chadoldus
1531 1496 1743 1546 orphanus
1785 1496 1916 1535 Zmilo

68 1561 200 1603 frater
233 1564 474 1603 botschonis
514 1564 721 1603 Iohannes
756 1567 849 1615 pipa
892 1565 1074 1604 Benisch
1109 1566 1364 1604 camerarius
1397 1564 1600 1603 Lutzlaus
1643 1564 1694 1602 de
1727 1564 1917 1603 Rischan

70 1631 360 1671 Theodoricus
393 1644 500 1671 saxo
535 1637 576 1671 et
608 1633 674 1671 alii
710 1645 825 1683 quam
869 1634 1021 1684 plures.
1084 1634 1192 1672 Acta
1227 1637 1321 1671 sunt
1352 1633 1432 1671 hec
1474 1644 1581 1671 anno
1616 1632 1816 1670 dominice
1847 1633 1915 1670 in-

71 1701 323 1738 carnationis
356 1700 415 1739 M.
443 1698 532 1740 CC.
564 1700 615 1739 L.
650 1700 871 1739 indictione
898 1705 1059 1739 octaua.
1107 1701 1257 1739 Datum
1292 1712 1367 1751 per
1399 1713 1543 1740 manus
1572 1701 1719 1739 notarii
1752 1700 1916 1739 wille-

70 1766 190 1806 helmi
223 1773 321 1818 aput
352 1769 565 1807 Brvnnam
596 1769 637 1807 in
670 1768 736 1807 die
769 1769 913 1809 Sancti
944 1769 1088 1807 Blasii.

377 1865 431 1896 Ex
455 1866 647 1907 originali
670 1867 701 1896 in
724 1866 858 1897 archivo
881 1868 1067 1897 monasterii
1091 1867 1417 1897 Tisnowicensis
1442 1885 1483 1889 —
1506 1876 1576 1896 cum
1601 1865 1708 1906 sigillo
1732 1866 1856 1898 illaeso.

951 2029 1039 2071 CL.

69 2131 318 2181 Recoqm'tio
365 2132 538 2182 capitula·
584 2131 873 2171 olomucensis
919 2144 1045 2183 super
1091 2133 1256 2171 rendita
1304 2145 1398 2172 cum
1445 2145 1653 2172 consensu
1698 2144 1775 2172 suo
1814 2133 1916 2173 villa

70 2198 256 2236 Pfetoka
290 2200 332 2237 ἰη
363 2200 541 2238 Βοέηιὶα
574 2201 652 2239 sita
684 2202 935 2239 monasterio
968 2200 1225 2240 Sedlecensi.
1280 2202 1386 2240 Acta
1420 2201 1566 2241 XVII.
1602 2201 1704 2241 Kal.
1737 2202 1915 2253 Aprilz'S,

920 2268 1070 2308 1250.

240 2357 463 2417 Iohannes
490 2376 689 2416 decanus.
709 2378 907 2417 Nicolaus
932 2379 1180 2429 prepositus.
1199 2382 1405 2431 totumque
1425 2379 1711 2419 Olomucensis
1729 2380 1913 2419 ecclesie

70 2443 297 2493 capitulum.
339 2445 522 2483 omnibus
565 2443 723 2485 Christi
765 2444 951 2486 fidelibus
990 2447 1098 2486 hanc
1142 2448 1316 2487 litteram
1357 2448 1622 2498 inspecturis.
1661 2447 1835 2487 salutem
1874 2449 1916 2487 in

71 2511 228 2552 domino
272 2514 369 2552 Iesu
417 2511 605 2554 Christo.
670 2512 771 2554 Cum
814 2526 870 2553 ex
917 2516 1162 2554 racionabili
1210 2520 1251 2555 et
1301 2516 1489 2555 ordinata
1538 2516 1818 2566 disposicione
1866 2516 1918 2555 de

1600 2581 1709 2622 16*-
