2155 2928
925 169 1023 210 391

58 307 152 348 dota
197 306 265 358 qui
311 308 406 357 post
452 309 663 357 receptum
691 307 973 358 ·baptismatis
1021 313 1323 349 sacramentum
1376 316 1617 354 auctoritate
1663 319 1888 367 apostolica

58 378 277 415 coronatus
318 375 358 413 in
391 385 555 428 regem,
595 373 668 414 fuit
706 376 869 414 tandem
908 388 934 414 a
973 378 1212 427 quibusdam
1255 378 1496 428 perditionis
1536 381 1624 421 filiis
1666 385 1888 425 crudeliter

57 441 313 495 interfectus,
355 442 407 480 de
449 443 636 481 manibus
678 444 927 481 inimicorum
967 448 1035 482 tuo
1075 446 1298 484 ministerio
1338 447 1441 497 eripi
1483 448 1638 487 domino
1677 456 1888 501 prestante

57 511 301 564 contigerit3
335 511 375 548 in
409 510 475 548 illa
508 511 633 563 regni
667 510 824 562 solium7
857 512 963 549 sicut
997 513 1108 561 prius
1142 513 1315 566 erigere
1346 514 1477 553 libere
1511 517 1669 569 valeas,
1704 530 1753 556 ac
1786 519 1888 558 illius

58 577 250 631 regimini
290 588 511 628 personam
551 576 708 616 fidelem
752 581 792 616 et
834 579 1016 618 ecclesie
1058 581 1243 619 Romane
1287 581 1475 621 deuotam
1516 583 1731 638 preficere,
1772 589 1890 635 prout

58 645 164 685 bono
204 646 329 684 statui
367 643 540 684 fidelium
581 649 623 684 et
663 650 889 698 augmento
931 647 1134 686 catholice
1176 646 1268 686 fidei
1305 645 1461 688 videris
1500 651 1635 689 utilius
1676 653 1888 702 expedire.

55 712 251 753 Nolumus
284 716 420 752 tamen
453 724 530 763 per
562 713 642 751 hoc
674 713 873 762 predictis
905 716 1107 768 magistro
1141 719 1182 754 et
1213 714 1407 755 fratribus
1440 717 1653 767 hospitalis
1686 730 1719 757 s.
1752 719 1889 759 Marie

57 779 384 820 thevtonicorum
416 791 496 831 quo
538 780 590 819 ad
623 785 776 833 terras7
818 781 927 820 bona
962 787 1003 820 et
1035 784 1123 822 iura
1155 785 1385 833 spectantia
1418 785 1468 822 ad
1503 785 1683 837 eosdem,
1716 787 1806 825 siue
1839 798 1890 826 ea

56 851 238 899 teneant,
281 849 372 887 siue
411 848 464 887 ab
513 848 604 886 aliis
653 849 772 887 etiam
813 848 1042 889 infidelibus
1083 855 1314 903 teneantur7
1362 853 1400 890 in
1449 852 1582 903 aliquo
1625 854 1889 903 preiudicium

56 916 271 970 generari.
334 916 445 955 Nulli
486 927 596 970 ergo
638 918 797 955 omnino
838 917 1037 956 hominum
1076 918 1199 956 liceat
1230 919 1336 958 lianc
1377 921 1571 972 paginam
1606 924 1746 959 nostre
1785 932 1888 959 con-

56 984 259 1023 cessionis
293 982 528 1037 insringere
567 984 635 1022 uel
668 985 705 1023 ei
743 996 845 1023 ausu
878 986 1096 1024 temerario
1139 988 1357 1025 contraire.
1419 987 1465 1027 Si
1509 988 1597 1037 quis
1637 993 1769 1026 autem
1809 988 1888 1026 hoc

55 1055 301 1102 attemptare
340 1053 638 1102 presumpserit
672 1052 997 1105 indignationem
1038 1054 1319 1103 omnipotentis
1352 1054 1416 1092 dei
1457 1058 1497 1093 et
1530 1055 1738 1093 beatorum
1773 1055 1887 1093 Petri

58 1123 100 1158 et
139 1119 257 1158 Pauli
297 1120 572 1170 apostolorum
613 1121 703 1158 eius
744 1132 793 1159 se
832 1122 993 1159 nouerit
1031 1122 1298 1160 incursurum.
1358 1123 1510 1161 Datum
1549 1123 1726 1161 Viterbii
1768 1123 1885 1162 XIII.

61 1187 275 1228 Kalendas
306 1188 541 1228 Februarii.
603 1187 871 1227 Pontificatus
905 1190 1033 1228 nostri
1065 1200 1172 1228 anno
1205 1190 1278 1228 111.

357 1302 548 1344 Raynald
570 1320 613 1326 —-
635 1302 678 1334 ad
701 1311 815 1334 annum
838 1313 868 1334 n.
891 1300 971 1343 46.;
996 1303 1184 1334 Balbinus
1207 1320 1248 1326 —
1270 1302 1384 1334 Misc.
1406 1302 1486 1334 libro
1510 1302 1601 1334 vlu.
1623 1311 1698 1343 pag.
1724 1299 1784 1333 16.

771 1482 1177 1525 CCCLxxxvm.

66 1602 295 1655 malcan-us,
334 1616 418 1642 rea:
457 1604 661 1643 Boe'miue
698 1606 736 1642 et
764 1602 952 1642 marchio
991 1603 1230 1651 Mor-ariae)
1265 1600 1578 1649 Bartholomeo,
1621 1599 1886 1638 olomucensi

58 1669 228 1722 decano,
260 1670 458 1722 indulqet,
496 1674 542 1709 ut
571 1671 736 1710 domum
774 1670 852 1709 sibi
884 1672 987 1709 inter
1029 1670 1229 1720 capellum
1270 1681 1303 1706 s.
1337 1668 1502 1707 Mariae
1539 1666 1818 1715 Maqdalenac
1849 1667 1887 1704 et

81 1737 245 1778 domum
289 1739 487 1779 Benedae
527 1739 579 1778 de
621 1738 815 1778 Dubielfo
854 1742 1093 1777 construere
1129 1737 1272 1787 possit.
1336 1737 1491 1774 Datum
1529 1737 1620 1772 (inte
1650 1733 1853 1783 Brodamz,

577 1806 648 1846 11⁷1.
681 1806 903 1846 Kalendas
936 1804 1174 1854 Februarii,
1214 1802 1361 1842 1:267.

180 1914 253 1975 0.
287 1932 353 1971 dei
379 1933 530 1986 gracia
555 1944 634 1972 rex
661 1932 858 1972 Bohemie
884 1931 968 1970 dux
992 1931 1159 1970 Austrie
1193 1932 1232 1967 et
1257 1929 1396 1978 Styrie
1421 1935 1460 1965 et
1484 1926 1663 1965 marchio
1692 1925 1883 1964 Morauie

54 1997 199 2039 dilecto
223 2001 441 2051 capellano
469 2013 544 2040 suo
573 2000 926 2051 Esau-tholomeo)
954 1998 1181 2037 venerabili
1216 1996 1371 2034 def-ano
1396 1995 1567 2032 ecclesie
1596 1993 1883 2032 Olomacensis

54 2067 222 2108 salutem
255 2080 343 2108 cum
377 2069 630 2119 plenitudine
664 2070 792 2107 omnis
827 2068 934 2106 boni.
997 2066 1225 2104 Fidelitatis
1259 2063 1454 2112 obsequia
1491 2065 1694 2098 retroacte
1728 2060 1884 2108 pariter

56 2138 96 2174 et
127 2138 335 2188 presentis
377 2148 456 2187 que
492 2137 611 2175 nobis
655 2141 696 2175 et
728 2136 880 2174 nostris
915 2132 1252 2186 progenitoribus
1291 2130 1508 2169 exhibuisti
1544 2132 1584 2165 et
1616 2127 1793 2165 exhibes
1827 2137 1883 2165 ex

59 2201 272 2245 affectione
303 2206 485 2258 sincera,
524 2205 716 2243 memorie
751 2207 998 2242 reuocantes
1038 2212 1090 2239 ne
1124 2199 1269 2238 nullam
1311 2198 1379 2236 tibi
1413 2197 1543 2234 vicem
1586 2195 1636 2233 de
1670 2194 1881 2244 premissis

59 2271 291 2321 rependere
331 2273 548 2312 videamur
589 2272 851 2325 indulgemus
893 2275 933 2308 et
971 2268 1209 2307 admittimus
1255 2266 1305 2304 de
1347 2264 1494 2317 gracia
1535 2262 1728 2312 speciali:
1777 2260 1884 2311 quod

60 2337 211 2378 domum
242 2340 313 2379 tibi
347 2344 388 2380 et
419 2343 500 2380 tuis
524 2339 842 2379 successoribus
868 2337 1038 2375 decanis
1065 2333 1402 2373 olomucensibus
1435 2331 1500 2380 qui
1534 2333 1653 2368 erunt
1677 2329 1715 2366 iu
1741 2331 1883 2378 poste-

0 2408 2 2443 l
59 2416 141 2445 rum
181 2407 219 2446 in
252 2412 391 2447 castro
431 2412 572 2447 nostro
606 2407 714 2457 apud
759 2407 932 2445 olomuc
965 2405 1070 2441 inter
1112 2401 1311 2452 capellam
1344 2401 1483 2436 sam-te
1520 2398 1661 2436 Mmie
1699 2395 1883 2445 ,11119ιί11-

63 2472 160 2513 lene.
193 2478 232 2514 el
260 2476 426 2515 domum
458 2475 628 2515 Beuede
660 2474 711 2512 de
745 2472 954 2512 Dubis-sco
986 2470 1123 2520 possis
1162 2473 1405 2506 construere
1439 2470 1479 2504 et
1512 2476 1599 2503 eam
1632 2468 1777 2502 tenere
1812 2474 1883 2513 pro

1 2535 4 2581 ff
62 2542 103 2579 te
133 2542 264 2582 libere
302 2547 343 2583 et
374 2544 452 2595 ipsi
494 2555 568 2594 pro
601 2554 649 2582 se
691 2546 872 2592 tempore
905 2536 1171 2577 succedente.
1233 2535 1389 2574 Aream
1430 2533 1654 2584 predictam
1692 2531 1763 2570 tibi
1796 2541 1885 2569 cum
