2155 2928
835 152 1036 216 .-¹²}5

69 294 216 335 Datum
248 292 356 344 apud
387 292 547 344 Znoym
579 303 655 344 per
686 304 844 332 manum
882 291 1101 332 Wilhalmi
1132 290 1247 330 curie
1286 292 1428 329 nostre
1460 290 1611 329 notarii
1649 290 1767 329 V111.
1800 291 1900 330 Idus

70 362 263 403 Ianuarii.

371 457 425 489 Ex
448 457 639 499 originali
663 459 693 488 in
715 457 850 489 archivo
873 456 1157 489 Melitensium
1179 455 1347 498 Pragae.
1371 473 1414 478 —-
1435 454 1585 497 Sigillum
1608 454 1767 487 avulsum.

919 619 1052 661 CLX.

78 723 192 763 Idem
216 724 466 762 monasterio
491 723 535 762 in
560 723 674 761 Pla-z
706 721 925 773 confirmat
942 723 1248 773 possessionem
1272 721 1397 759 villae
1422 719 1652 771 „Sclaela”.
1695 721 1766 760 Dt.
1792 719 1907 772 apud

515 791 723 840 Prayam,
763 789 859 829 1'11.
892 789 994 828 Kal.
1027 789 1269 838 Februarii,
1309 787 1458 827 1251.

240 881 299 941 In
332 899 491 938 nomine
523 902 670 938 sancte
702 899 895 937 trinitatis
922 902 963 937 et
996 898 1205 937 individue
1231 897 1396 936 unitatis
1430 908 1561 935 amen.
1610 898 1697 936 Nos
1728 897 1907 936 Premizl

78 967 143 1006 dei
175 968 326 1020 gracia
357 966 537 1005 marchio
570 966 780 1005 Morax’Ie.
814 970 934 1004 natus
966 965 1250 1015 U‘encezlay.
1283 966 1451 1003 illustris
1490 965 1611 1017 regis
1650 965 1907 1003 Boemorum.

79 1034 257 1073 clanstro
290 1035 330 1072 in
361 1034 476 1072 Plaz.
509 1038 550 1072 et
581 1034 790 1072 uniuersis
824 1033 1080 1086 degentibus
1113 1033 1273 1071 ibidem.
1307 1032 1360 1070 ad
1394 1033 1454 1070 rei
1487 1033 1717 1070 memoriam
1750 1032 1905 1081 sempi-

76 1105 243 1141 ternam.
306 1099 408 1141 Cum
439 1100 663 1139 mortalium
695 1098 804 1139 fluxa
846 1104 887 1139 et
919 1100 1052 1138 labilis
1085 1101 1137 1138 sit
1169 1101 1360 1138 memoria
1403 1103 1444 1138 et
1476 1102 1645 1148 propter
1684 1098 1906 1151 ambiguos

75 1179 208 1207 rerum
241 1172 281 1208 et
312 1172 535 1218 temporum
567 1172 744 1207 eventus
784 1171 825 1206 et
857 1179 1077 1206 causarum
1117 1168 1382 1205 diuersitates
1423 1167 1570 1217 quibus
1610 1165 1786 1204 humana
1818 1163 1907 1204 fra-

76 1237 220 1290 gilitas
252 1248 276 1275 a
300 1237 477 1275 veritate
502 1247 635 1275 rerum
659 1239 876 1288 gestarum
900 1236 1136 1286 plerumque
1171 1235 1307 1273 deuiet
1340 1237 1381 1272 et
1403 1233 1588 1272 recedat.
1622 1233 1909 1272 modernorum

76 1303 245 1342 obtinuit
269 1303 537 1346 consuetudo.
561 1303 670 1341 utilis
696 1307 737 1342 et
759 1303 949 1342 honesta.
974 1308 1019 1342 vt
1044 1314 1123 1354 que
1150 1301 1246 1341 fiunt
1269 1302 1589 1340 racionabiliter.
1611 1311 1720 1340 voce
1746 1301 1911 1339 testium

76 1374 118 1409 et
147 1371 295 1409 litteris
333 1370 654 1420 perhennentur.
715 1371 876 1409 Noscat
914 1372 1044 1423 igitur
1085 1374 1164 1408 tam
1198 1381 1374 1420 presens
1414 1369 1613 1407 hominum
1652 1371 1756 1406 etas,
1790 1378 1910 1418 quam

77 1438 118 1476 in
143 1437 310 1476 Cin-isto
338 1449 590 1476 successura
613 1439 846 1487 posteritas.
865 1438 971 1489 quod
997 1449 1073 1476 nos
1100 1438 1378 1475 concambium
1408 1437 1536 1486 patris
1561 1436 1691 1474 nostri
1709 1435 1910 1474 XVence-

78 1506 173 1555 zlay
205 1505 372 1543 illustris
411 1506 531 1557 regis
563 1506 818 1543 Boemorum.
862 1505 968 1555 quod
1002 1504 1099 1543 fecit
1141 1516 1230 1542 cum
1265 1504 1495 1543 venerabili
1530 1503 1690 1542 domino
1723 1503 1909 1542 Henrico

78 1573 230 1611 abbate
263 1572 471 1610 Plazensi.
505 1575 545 1609 et
577 1576 658 1610 toto
692 1576 911 1611 conventu.
954 1572 1006 1610 de
1039 1573 1136 1610 villa
1170 1570 1341 1611 Cozlan.
1383 1583 1501 1622 quam
1532 1570 1634 1620 ipsis
1667 1570 1910 1608 contulerat.

80 1642 159 1678 tum
193 1650 266 1689 pro
299 1639 486 1677 ducentis
518 1640 668 1677 marcis
694 1641 784 1688 puri
816 1640 987 1692 argenti
1014 1639 1161 1689 quibus
1194 1640 1255 1677 eis
1283 1641 1374 1676 erat
1406 1638 1633 1690 obligatus.
1665 1641 1747 1675 tum
1781 1637 1911 1675 eciam

78 1718 152 1758 pro
185 1706 365 1745 remedio
391 1706 523 1744 anime
556 1707 684 1756 patris
712 1707 787 1744 sui.
819 1706 935 1744 simul
962 1710 1002 1744 et
1034 1717 1123 1744 sue.
1155 1717 1235 1756 qua
1268 1706 1540 1755 possessione
1565 1708 1736 1754 propter
1768 1714 1911 1742 nemus

82 1774 303 1813 venacioni
335 1778 481 1823 aptum.
507 1774 601 1824 quia
635 1784 783 1812 carere
805 1773 856 1811 de
888 1771 999 1811 facili
1024 1774 1218 1823 nequiuit.
1252 1783 1330 1810 nec
1364 1773 1466 1822 ipsis
1498 1772 1578 1810 hoc
1611 1771 1718 1809 idem
1751 1776 1912 1810 cautum

85 1845 126 1880 et
157 1841 255 1879 vtile
282 1841 510 1890 perspexit.
542 1840 681 1878 habito
707 1841 892 1879 consilio.
925 1840 976 1878 ad
1005 1841 1249 1878 instanciam
1281 1840 1453 1889 predicti
1481 1839 1642 1878 abbatis
1676 1842 1717 1877 et
1741 1837 1912 1877 fratrum

81 1919 257 1946 suorum.
291 1908 409 1946 aliam
438 1908 744 1957 possessionem
776 1918 855 1958 que
878 1906 1034 1946 Schela
1067 1907 1227 1946 dicitur.
1253 1907 1442 1944 absolute
1477 1917 1566 1944 cum
1599 1907 1740 1956 pratis.
1775 1907 1911 1958 agris.

83 1977 248 2025 campis.
282 1976 409 2013 siluis.
449 1975 581 2025 aquis.
616 1974 934 2024 piscacionibus.
974 1978 1015 2012 ct
1047 1975 1230 2013 omnibus
1270 1975 1508 2013 attinentiis.
1542 1973 1686 2012 eodem
1718 1973 1836 2011 modo
1871 1976 1913 2012 et

84 2053 213 2081 causa
246 2043 460 2092 prelibata.
494 2043 596 2091 ipsis
637 2046 678 2080 et
711 2053 849 2080 eorum
883 2042 1055 2080 vtilitati.
1094 2043 1134 2080 in
1169 2045 1407 2091 perpetuum
1440 2040 1756 2080 deseruiendain
1791 2052 1914 2079 manu

83 2111 335 2160 potestativa
376 2109 492 2148 simul
533 2112 574 2148 et
610 2109 797 2159 supplici.
838 2119 965 2158 super
1006 2121 1119 2147 aram
1159 2113 1304 2147 sancte
1344 2108 1411 2147 dei
1456 2109 1678 2161 genitricis
1720 2110 1913 2158 porrecta

84 2177 252 2215 contulit
282 2176 585 2226 possidendam.
619 2176 671 2215 de
695 2176 824 2215 verbo
857 2176 909 2215 ad
937 2177 1119 2216 verbum.
1153 2176 1205 2215 de
1231 2176 1414 2215 clausula
1447 2176 1500 2214 ad
1529 2176 1765 2214 clausulam.
1798 2177 1916 2214 iuxta

83 2244 345 2296 priuilegium
369 2242 539 2282 antefati
564 2244 693 2294 patris
718 2244 860 2282 nostri.
892 2245 1071 2283 claustro
1096 2247 1294 2295 pretacto.
1326 2245 1417 2282 iure
1440 2244 1692 2282 hereditario
1726 2243 1913 2281 duximus

84 2308 410 2349 confirmandum.
471 2311 537 2349 Ne
575 2312 706 2364 igitur
741 2314 821 2350 tam
859 2312 1079 2362 solempnis
1125 2310 1383 2351 confirmacio
1428 2315 1585 2350 nostra.
1625 2312 1664 2350 in
1704 2317 1912 2361 posterum

86 2378 260 2428 aliquam
284 2378 548 2428 calumpniam
567 2379 756 2429 patiatur.
774 2390 949 2429 presens
968 2381 1161 2429 scriptum
1180 2380 1309 2432 sigilli
1334 2380 1462 2418 nostri
1480 2379 1695 2418 munimine
1721 2379 1912 2418 iussimus

85 2445 285 2484 roborari.
331 2446 484 2484 Testes
516 2450 648 2485 autem
680 2446 799 2486 huius
824 2448 885 2485 rei
917 2451 1011 2486 sunt
1042 2447 1110 2485 hii.
1144 2445 1285 2486 Criho.
1308 2447 1583 2485 burchrauius
1611 2446 1911 2486 olomucensis.

85 2512 307 2552 Iarozlaus
338 2516 380 2553 et
411 2513 554 2554 Gallus
579 2512 733 2554 fratres
760 2512 827 2554 filii
850 2515 1109 2566 Marquardi.
1132 2515 1349 2555 Kadoldus
1373 2515 1595 2567 orphanus.
1625 2514 1727 2556 Smil
1756 2514 1912 2553 burch-
