2155 2928
1096 140 1203 181 298

227 287 367 343 liceat7
399 290 507 329 hanc
532 289 729 342 paginam
762 288 904 325 nostre
927 279 1255 322 confirmacionis
1288 277 1522 331 infringere
1545 278 1614 317 uel
1647 278 1685 317 ei
1712 289 1816 317 ausu
1847 280 2066 320 temerario

231 361 452 399 contraire.
499 358 545 398 Si
580 358 669 407 quis
696 359 827 392 autem
862 353 938 390 lioc
965 353 1208 398 attemptare
1242 347 1551 398 presumpserit,
1576 346 1913 399 indignacionem
1938 348 2067 386 omni·
2128 388 2134 395 ,

230 428 408 478 potentis
442 427 506 465 dei
541 429 581 462 et
614 424 824 461 beatorum
857 419 969 456 Petri
1004 421 1045 455 et
1077 415 1194 454 Pauli
1228 414 1504 464 apostolorum
1530 415 1620 453 eius
1652 425 1700 452 se
1733 414 1896 452 nouerit
1927 415 2068 454 incur-

231 492 381 533 surum‘.
443 494 592 531 Datum
645 487 845 528 Laterani
894 486 1032 536 quinto
1079 482 1298 521 Kalendas
1339 482 1571 521 Februarii.
1621 480 1890 521 Pontificatus
1939 484 2067 524 nostri

231 574 338 602 anuo
371 561 555 611 septimo.

537 655 565 687 E
589 653 734 692 codice
759 648 1080 682 XVeleliradensi
1103 647 1156 678 sol.
1183 645 1270 679 109.

1043 813 1260 856 CCCVH.

231 924 349 964 Idem
380 922 597 974 confirmat
619 917 820 970 quasdam
852 918 1156 969 possessiones,
1180 928 1284 968 quas
1314 914 1467 954 nobilis
1493 914 1606 956 Smil
1629 913 1681 954 de
1705 915 1907 954 Brumow
1938 913 2072 953 dictus

232 992 282 1031 de
319 989 476 1031 »S'li-ilelc
514 988 765 1027 monaslerio
820 985 1136 1024 ”eloha-adens&
1181 984 1239 1024 ad
1278 983 1545 1036 fundandum
1589 994 1742 1022 novum
1778 983 2074 1022 monasterium

340 1056 604 1106 (Smilheim)
638 1055 854 1093 concessit.
917 1054 989 1092 De.
1021 1054 1242 1103 Laterani,
1275 1052 1361 1091 III.
1395 1052 1497 1091 Kal.
1529 1050 1772 1101 Februarii,
1811 1050 1963 1090 1261.

367 1149 637 1208 Alexander
676 1166 898 1214 episcopus
937 1175 1087 1203 seruus
1128 1175 1343 1202 seruorum
1385 1161 1464 1200 dei.
1528 1160 1705 1200 Dilectis
1744 1158 1835 1199 filiis
1874 1188 1885 1199 .
1931 1188 1942 1199 .
1981 1159 2074 1199 Ab-

231 1237 314 1275 bati
355 1239 396 1273 et
434 1233 667 1274 Conuentui
700 1233 949 1272 Monasterii
992 1232 1045 1270 de
1089 1230 1328 1281 Hs'elleyrad
1370 1228 1668 1269 Cisterciensis
1708 1228 1865 1267 ordinis
1907 1227 2074 1268 Olomu-

232 1304 371 1342 censis
417 1302 610 1340 diocesis.
674 1300 860 1341 Salutem
900 1303 941 1338 et
979 1299 1245 1350 apostolicam
1288 1297 1628 1336 benedictionem.
1688 1296 1813 1335 Iustis
1855 1297 2076 1347 petentium

233 1371 452 1410 desideriis
485 1370 655 1423 dignum
689 1373 754 1407 est
785 1380 861 1407 nos
894 1366 1054 1406 facilem
1096 1367 1276 1417 prebere
1317 1376 1563 1404 consensum
1605 1368 1646 1403 et
1684 1368 1780 1403 uota
1821 1374 1901 1415 que
1939 1375 1965 1405 a
2005 1375 2076 1402 ra-

231 1440 353 1479 tionis
386 1439 543 1476 tramite
578 1449 657 1475 non
692 1436 933 1475 discordant
965 1435 1112 1475 effectu
1147 1438 1428 1485 prosequente
1467 1433 1687 1483 complere.
1742 1432 1902 1470 Vestra
1941 1431 2073 1482 siqui-

234 1508 322 1547 dem
356 1506 474 1544 nobis
508 1505 696 1544 exhibita
732 1506 870 1554 petitio
896 1504 1145 1556 continebat7
1181 1502 1286 1553 quod
1311 1502 1486 1540 dilectus
1519 1499 1622 1539 filius
1652 1500 1811 1538 Nobilis
1843 1500 1907 1538 uir
1932 1499 2076 1539 Zmilo

233 1575 424 1613 dominus
466 1572 649 1613 Zdrillfe
688 1572 974 1612 olomucensis
1015 1572 1216 1623 diocesis7
1257 1571 1453 1621 quasdam
1501 1570 1794 1619 possessiones
1836 1571 2078 1618 spectantes

235 1643 286 1681 ad
320 1654 408 1681 eum
441 1642 560 1680 uobis
593 1641 644 1679 ad
679 1652 784 1691 opus
817 1639 1036 1678 cuiusdam
1067 1639 1319 1678 JIonasteria·
1361 1638 1516 1676 ordinis
1555 1637 1685 1675 uestri
1727 1635 1833 1686 quod
1875 1635 1927 1674 de
1967 1645 2074 1674 nouo

233 1709 407 1749 fundare
441 1710 656 1758 disponitis
692 1710 756 1757 pia
790 1712 831 1747 et
864 1707 1037 1758 prouida
1069 1707 1318 1746 liberalitate
1351 1705 1576 1757 concessit7
1610 1708 1729 1754 prout
1767 1705 1806 1742 in
1841 1703 2075 1754 patentibus

234 1778 379 1815 litteris
413 1775 613 1815 consectis
647 1776 816 1827 exinde7
850 1787 899 1814 ac
932 1776 1073 1829 sigillo
1108 1775 1268 1813 Nobilis
1300 1775 1508 1812 memorati
1533 1773 1716 1825 signatis
1745 1772 1905 1821 plenius
1930 1771 2077 1809 dicitur

236 1846 448 1883 contineri.
504 1845 594 1882 Nos
642 1845 780 1894 itaque
826 1845 982 1882 vestris
1031 1842 1399 1892 supplicationibus
1447 1841 1629 1879 inclinati
1680 1839 1787 1890 quod
1834 1839 1887 1877 ab
1935 1837 2078 1876 eodem
2146 1858 2148 1896 ἱ

236 1912 372 1951 Nobili
405 1923 532 1962 super
565 1913 642 1950 lioc
676 1913 741 1962 pie
775 1916 816 1950 et
848 1911 1020 1961 prouide
1054 1909 1201 1949 sactum
1244 1914 1310 1948 est
1349 1913 1478 1947 ratum
1519 1913 1560 1947 et
1602 1906 1751 1946 firmum
1793 1907 1998 1945 habentes
2038 1904 2079 1945 id
2146 1914 2147 1918 ’

237 1981 482 2019 auctoritate
516 1980 745 2030 apostolica
780 1977 1063 2017 confirmamus
1096 1983 1137 2017 et
1171 1979 1379 2029 presentis
1413 1976 1555 2026 scripti
1591 1975 1817 2026 patrocinio
1857 1974 2080 2013 communi·
2146 2024 2147 2032 ἵ

238 2060 336 2086 mus.
399 2048 506 2086 Nulli
541 2059 650 2101 ergo
684 2048 843 2086 omnino
884 2047 1084 2086 hominum
1127 2047 1252 2085 liceat
1291 2046 1399 2084 hanc
1440 2044 1635 2097 paginam
1679 2047 1822 2081 nostre
1862 2040 2079 2081 confirma-
2145 2041 2147 2077 i

237 2116 360 2153 tionis
395 2114 628 2168 infringere
661 2116 727 2154 uel
761 2116 797 2153 ei
832 2127 936 2154 ausu
969 2116 1188 2153 temerario
1223 2115 1443 2152 contraire.
1505 2112 1551 2152 Si
1593 2113 1683 2162 quis
1725 2116 1861 2149 autem
1903 2111 1981 2149 hoc
2013 2113 2079 2149 at·-
2144 2139 2146 2145 .

239 2187 436 2232 temptare
471 2184 766 2234 presumpserit
800 2183 1128 2235 indignationem
1163 2182 1449 2231 omnipotentis
1482 2180 1549 2219 dei
1582 2183 1623 2219 et
1656 2180 1868 2218 beatorum
1897 2178 2010 2217 Petri
2039 2180 2081 2216 et
2144 2186 2147 2193 ¹

242 2249 357 2288 Pauli
392 2252 665 2300 apostolorum
699 2252 789 2290 eius
822 2262 870 2289 se
910 2252 1072 2289 nouerit
1111 2252 1380 2288 incursurum.
1444 2249 1594 2288 Datum
1634 2248 1835 2286 Laterani
1875 2247 1948 2285 111.
1987 2246 2080 2284 Ka·

242 2317 386 2356 lendas
419 2320 650 2358 Februarii.
684 2318 952 2358 Pontilicatus
985 2319 1115 2360 nostri
1147 2330 1254 2357 anno
1288 2318 1473 2367 septimo.

546 2416 600 2449 Ex
624 2417 812 2457 originali
837 2416 1013 2457 ejusdcm
1043 2417 1240 2450 monasterii.
1262 2434 1300 2440 -
1326 2416 1406 2447 Item
1429 2413 1707 2457 apographum
1731 2414 1762 2444 in
1785 2411 1926 2444 codice
1945 2410 2081 2443 &Vele-

650 2467 848 2499 hradensi
871 2468 924 2499 sol.
951 2467 1040 2499 114.
