2155 2928
835 234 885 238 -
942 177 1034 218 151

70 319 354 360 olomucensis
387 318 580 358 diocesis,
612 318 784 359 salutem
816 321 858 358 et
888 317 1156 368 apostolicam
1187 316 1533 356 benedictionem.
1593 317 1721 356 Iustis
1754 321 1905 368 peten-

67 388 163 427 tium
201 386 421 426 desideriis
461 386 630 440 dignum
671 389 737 425 est
773 397 849 425 nos
887 384 1048 425 facilem
1089 385 1270 436 prebere
1311 395 1573 438 consensum,
1614 388 1656 424 et
1694 389 1792 425 uota
1825 397 1905 437 que

67 467 93 495 a
123 455 295 493 rationis
327 455 487 493 tramite
514 466 595 493 non
627 453 879 507 discordant,
913 452 1060 493 effectu
1085 455 1364 504 prosequente
1397 452 1619 504 complere.
1669 454 1907 504 Eapropter

72 522 210 562 dilecti
234 523 274 561 in
292 522 450 561 domino
474 520 541 560 filii
559 523 712 561 uestris
731 523 849 561 iustis
867 521 1207 572 postulationibus
1234 524 1366 574 grato.
1384 524 1686 560 concurrentes
1712 533 1907 575 assensu,

68 602 274 642 personas
314 594 480 629 uestras
519 594 560 629 et
597 590 729 629 locum
767 591 808 629 in
853 602 932 642 quo
972 590 1109 628 diuino
1148 590 1251 628 estis
1291 589 1491 640 obsequio
1531 590 1767 642 mancipati,
1816 601 1907 628 cum

70 659 255 698 omnibus
286 657 406 697 bonis
446 669 526 709 que
558 658 911 708 impresentiarum
949 657 1246 697 rationabiliter
1277 657 1501 707 possidetis
1540 660 1612 696 aut
1650 658 1692 696 in
1731 655 1907 696 futurum

73 727 192 766 iustis
223 726 352 765 modis
390 729 605 776 prestante
645 725 804 765 domino
842 726 1030 776 poteritis
1061 724 1249 778 adipisci,
1287 725 1364 764 sub
1398 725 1509 764 beati
1542 725 1659 766 Petri
1691 729 1733 765 et
1764 729 1908 765 nostra

71 795 329 845 protectione
382 794 639 844 suscipimus.
700 794 950 844 Speeialiter
1003 797 1138 832 autem
1185 793 1339 846 domoS,
1385 797 1538 847 terras,
1595 795 1907 848 possessiones,

73 866 206 915 prata,
237 873 410 914 pascua,
442 862 573 900 silvas
605 864 647 901 et
677 861 758 900 alia
790 862 899 900 bona
938 864 1082 900 uestra
1114 862 1222 900 sicut
1254 872 1306 900 ea
1339 863 1470 900 omnia
1509 863 1618 901 iuste
1650 874 1700 901 ac
1732 860 1908 912 pacifice

72 929 312 983 possidetis,
343 929 463 968 uobis
498 932 539 968 et
570 940 645 979 per
675 940 751 968 uos
789 930 1039 968 monasterio
1075 933 1217 968 vestro
1258 929 1507 968 auctoritate
1540 930 1769 980 apostolica
1803 941 1908 968 con-

73 995 288 1049 firmamus,
331 999 372 1035 et
402 998 609 1046 presentis
648 997 790 1047 scripti
822 997 1049 1048 patrocimo
1093 997 1392 1035 communimus.
1453 997 1565 1036 Nulli
1604 1008 1712 1050 ergo
1747 998 1907 1036 omnino

74 1065 276 1104 hominum
307 1065 432 1103 liceat
469 1064 578 1103 hanc
610 1066 805 1118 paginam
844 1068 985 1103 nostre
1019 1065 1286 1115 protectionis
1328 1067 1370 1103 et
1401 1062 1718 1103 confirmationis
1759 1063 1908 1103 infrin-

77 1143 202 1187 gere,
235 1132 302 1171 uel
334 1133 374 1171 ei
406 1144 510 1171 ausu
541 1134 760 1171 temerario
793 1133 1014 1172 contraire.
1076 1132 1219 1183 Siquis
1252 1136 1385 1171 autem
1419 1132 1497 1171 hoc
1530 1135 1775 1182 attemptare
1810 1143 1909 1182 pre-

74 1202 306 1253 sumpserit,
353 1200 678 1253 indignationem
733 1201 1016 1250 omnipotentis
1071 1200 1138 1239 dei
1185 1203 1227 1239 et
1275 1200 1487 1239 beatorum
1539 1200 1655 1239 Petri
1702 1203 1744 1239 et
1790 1199 1912 1239 Pauli

76 1267 351 1319 apostolorum
393 1268 483 1306 eius
521 1279 570 1307 se
617 1269 779 1308 nouerit
817 1269 1086 1308 incursurum.
1155 1268 1306 1308 Datum
1353 1269 1485 1308 Asisii
1532 1267 1617 1307 vll
1664 1267 1762 1307 Idus
1804 1267 1910 1306 Iunii

74 1334 342 1376 Pontificatus
374 1336 507 1375 nostri
540 1348 648 1375 anno
680 1336 850 1375 decimo.

383 1434 436 1466 Ex
459 1434 651 1476 originali
674 1435 705 1466 in
728 1433 862 1466 archivo
885 1434 1240 1475 Nicolsburgensi.

885 1596 1106 1639 CLXXX.

78 1701 374 1752 111αν9ανρῖῆα,
424 1700 594 1740 ducissa
642 1700 839 1740 Aaslrz‘ae
886 1703 924 1740 el
961 1700 1268 1739 marchionissa
1313 1701 1548 1751 Morsu-iae,
1587 1701 1790 1751 spoliatae
1835 1713 1911 1752 per

78 1768 274 1808 Bai-aros
298 1770 498 1808 ecclesiae
519 1768 758 1808 Ardae-ense·
779 1780 856 1807 sua
876 1769 984 1820 jura
1009 1769 1252 1807 con-serrari
1280 1769 1497 1820 praecipit.
1547 1769 1619 1807 Dc.
1646 1769 1690 1807 in
1719 1767 1910 1819 Careias,

777 1837 853 1876 16.
886 1837 1021 1885 danii,
1061 1836 1209 1876 1252.

218 1928 332 1990 Nos
363 1946 648 2001 Margaretha
680 1946 746 1985 dei
778 1946 920 2000 gratia
950 1947 1224 1986 Romanorum
1256 1946 1460 1998 quondam
1492 1945 1678 2000 Regina.
1725 1947 1910 1987 Ducissa

81 2016 251 2056 Austrie
284 2019 326 2054 et
356 2015 485 2056 Stirie
527 2026 577 2054 ac
609 2014 919 2054 Marchionissa
956 2014 1149 2054 Morauie
1181 2015 1367 2054 omnibus
1406 2025 1585 2065 presens
1618 2014 1813 2065 scriptum
1844 2015 1912 2054 in-

81 2084 289 2122 tuentibus
323 2084 627 2134 imperpetuum.
689 2083 793 2122 Post
831 2081 1033 2121 infelicem
1073 2083 1222 2122 obitum
1260 2081 1444 2122 friderici
1484 2081 1624 2121 fratris
1663 2083 1809 2136 nostri,
1843 2083 1912 2133 qui

82 2149 155 2190 suit
185 2152 285 2190 Dux
324 2152 494 2191 Austrie
528 2156 569 2191 et
605 2150 746 2204 Stin-ie,
779 2162 829 2189 ac
870 2151 1069 2189 Dominus
1102 2149 1312 2204 Carniole,
1352 2155 1465 2190 terra
1505 2152 1677 2190 Austria
1719 2150 1831 2201 cepit
1869 2151 1910 2189 in

82 2219 258 2269 pessimo
291 2222 402 2257 statu
431 2230 542 2272 esse,
575 2218 681 2270 quod
705 2220 836 2258 caruit
868 2217 1103 2259 defensore.
1152 2219 1308 2259 Eodem
1333 2221 1484 2271 quippe
1515 2223 1698 2270 tempore
1723 2219 1908 2258 homines

79 2285 213 2325 Ducis
259 2287 443 2326 Bauarie
492 2287 712 2326 ecclesiam
757 2287 1059 2341 Ardacensem,
1111 2288 1352 2341 sacrarium,
1401 2286 1592 2328 Clericos
1639 2292 1680 2326 et
1727 2287 1912 2326 homines

84 2354 325 2407 spoliarunt,
364 2353 604 2394 auferentes
643 2355 695 2394 de
728 2355 915 2394 sacrario
954 2358 1208 2408 ornamenta,
1241 2356 1370 2395 libros
1411 2356 1566 2395 calices
1599 2359 1640 2395 et
1672 2355 1912 2409 priuilegia,

86 2422 233 2473 quibus
265 2423 409 2461 eadem
433 2423 616 2462 ecclesia
647 2423 926 2477 habundabat,
948 2427 1116 2474 propter
1148 2423 1254 2474 quod
1285 2424 1459 2463 dilectus
1493 2422 1744 2475 Capellanus
1770 2426 1913 2462 noster

80 2489 322 2544 Luipoldus,
364 2491 548 2531 eiusdem
595 2492 776 2531 ecclesie
816 2493 1065 2545 preposituS,
1106 2493 1225 2531 nobis
1266 2493 1528 2546 supplicauit,
1571 2496 1774 2544 quatenus
1821 2492 1913 2530 iura

82 2562 123 2597 et
154 2559 492 2613 consuetudineS,
518 2571 597 2611 que
630 2560 739 2600 dicta
769 2560 952 2600 ecclesia
983 2564 1166 2611 tempore
1196 2561 1323 2612 patris
1355 2564 1396 2602 et
1421 2559 1561 2601 fratris
1595 2561 1738 2614 nostri,
1771 2559 1913 2600 habuit
