2155 2928
918 164 985 203 33

32 308 153 347 ium-ta
183 306 418 345 Brmmam.
450 317 476 345 a
507 305 662 344 nostris
693 304 1033 358 progenitoribus
1073 301 1333 354 possedimus
1365 302 1419 342 ab
1451 303 1633 353 antiquo.
1664 303 1734 342 uel
1765 314 1874 354 qua-

33 385 194 425 cunque
232 374 393 413 ratione
431 373 651 424 possidere
690 373 877 426 legitime
916 371 1157 410 uidebamur
1195 371 1248 410 de
1286 371 1412 410 vinea
1454 370 1652 409 videlicet
1690 371 1875 421 qualibet

34 454 176 481 vrnam
193 442 290 480 vini.
315 444 360 480 et
378 442 553 494 triginta
572 440 779 479 denarios.
799 439 1028 491 liberaliter
1051 439 1291 478 contulimus
1317 441 1359 477 et
1379 438 1583 477 absolute.
1608 438 1804 477 volentes
1829 440 1875 477 ut

33 510 111 560 ipsi
141 507 294 548 fratres
328 508 496 547 easdem
535 508 831 558 possessiones
863 495 1022 558 absque
1060 507 1141 545 ullo
1173 505 1473 556 impedimento.
1507 509 1549 545 et
1581 505 1764 556 quolibet
1795 505 1873 544 ob-

35 576 207 615 staculo.
233 580 432 626 perpetuo
457 575 676 626 possidere
700 575 893 614 debeant.
918 572 1091 624 pacifice
1120 576 1162 612 et
1185 575 1335 624 quiete.
1361 573 1413 612 de
1446 576 1589 612 nostre
1614 572 1874 612 celsitudinis

35 644 177 696 gratia
225 643 411 693 speciali.
473 642 591 683 Sane
638 642 823 692 presenti
869 641 1129 680 decreuimus
1175 640 1436 680 statuendum
1484 640 1633 679 edicto.
1681 651 1735 679 ne
1782 640 1874 691 quis

36 711 246 761 predictos
270 708 423 748 fratres
451 710 519 748 uel
543 721 682 749 eorum
707 709 848 748 domus
882 709 920 747 in
948 709 1160 759 premissis
1187 712 1329 747 nostre
1361 708 1602 747 donacionis
1630 707 1874 747 redditibus.

35 778 246 828 impedire.
274 778 508 816 molestare.
537 777 604 816 uel
629 777 878 827 perturbare
907 779 1126 827 presumat.
1158 775 1235 814 sed
1260 779 1463 826 perpetua
1495 777 1609 826 ipsos
1643 776 1684 814 in
1716 775 1875 814 eisdem

38 850 80 885 et
112 843 226 884 firma
258 846 476 895 permittat.
509 844 701 883 libertate
734 844 941 897 gaudere.
1003 844 1062 883 Vt
1094 847 1228 883 autem
1269 843 1348 882 hec
1390 844 1482 893 ipsa
1521 847 1664 882 nostre
1697 843 1874 882 donacio

35 913 276 952 maiestatis.
301 916 391 950 rata
416 923 581 962 semper
604 916 645 950 et
668 912 828 950 stabilis
853 914 1112 962 perseueret.
1137 922 1216 950 nec
1241 911 1414 950 eandem
1440 913 1654 962 quisquam
1675 911 1874 950 heredum

35 984 106 1019 aut
137 990 428 1019 successorum
461 983 691 1018 nostrorum
724 979 875 1018 debeat
907 979 1085 1017 irritare.
1118 982 1188 1017 aut
1219 979 1260 1017 in
1293 979 1569 1029 predictorum
1602 977 1771 1018 fratrum
1804 981 1876 1017 aut

35 1049 214 1098 ipsorum
256 1047 439 1086 domuum
485 1047 754 1097 preludicium
802 1046 868 1085 uel
911 1056 1143 1098 grauamen
1191 1046 1365 1085 eandem
1404 1046 1545 1085 valeat
1583 1047 1624 1085 in
1665 1050 1876 1096 posterum

36 1116 257 1154 immutare.
285 1118 519 1165 presentem
552 1115 748 1167 paginam
773 1115 902 1153 nostri
934 1114 1062 1167 sigilli
1090 1114 1305 1152 munimine
1329 1113 1576 1152 roboratam.
1603 1118 1645 1152 et
1673 1116 1875 1163 perpetuo

36 1183 251 1222 valituram
276 1181 473 1232 predictis
494 1179 691 1220 fratribus
723 1184 764 1220 et
787 1193 927 1220 eorum
950 1181 1147 1220 domibus.
1173 1192 1262 1219 cum
1291 1182 1524 1220 testimonio
1551 1181 1875 1231 subscriptorum

36 1249 224 1289 duximus
257 1247 562 1288 conferendam.
625 1249 793 1288 Testes.
826 1249 1025 1288 Dominus
1059 1248 1283 1289 Ovnradus
1316 1250 1536 1300 episcopus
1570 1248 1875 1288 Olomucensis.

36 1317 238 1370 Wytigo.
279 1315 383 1355 filius
421 1316 634 1355 Zawisch.
681 1317 892 1356 Henricus
933 1316 985 1355 de
1024 1317 1232 1355 Tvtleibe.
1284 1316 1427 1355 Zmilo.
1467 1315 1572 1355 filius
1611 1316 1785 1355 Henrici
1823 1314 1876 1355 de

36 1383 225 1435 Sytauia.
264 1385 476 1423 Henricus
518 1383 790 1434 purchrauius
831 1384 882 1423 de
914 1384 1067 1423 Donin.
1100 1385 1219 1422 Iaros
1253 1384 1305 1423 de
1346 1383 1686 1423 XValdenberch.
1726 1386 1768 1421 et
1806 1382 1877 1422 alii

36 1452 159 1491 multi.
221 1452 329 1490 Acta
362 1455 456 1490 sunt
487 1452 566 1490 hec
598 1452 747 1505 Prage
779 1464 886 1491 anno
920 1452 1120 1491 dominice
1152 1452 1463 1490 incarnationis.
1502 1451 1562 1490 M.
1597 1449 1685 1491 CC.
1717 1450 1875 1489 XLIII.

36 1530 180 1559 mense
212 1518 461 1569 Septembri.
496 1520 622 1569 prima
655 1519 898 1558 indiccione.
960 1520 1070 1558 Data
1109 1519 1200 1558 loco
1233 1519 1478 1570 prescripto.
1519 1530 1626 1557 anno
1659 1529 1801 1558 mense
1834 1521 1877 1558 et

36 1586 270 1626 indiccione
302 1587 561 1637 prescriptis.
594 1597 671 1637 per
701 1599 859 1626 manum
892 1588 1008 1626 curie
1041 1591 1183 1626 nostre
1215 1588 1377 1626 notarii.
1409 1586 1723 1636 Reymbotonis.

342 1683 397 1716 Ex
419 1683 614 1724 originali
638 1685 669 1714 in
691 1684 825 1715 archivo
849 1683 1069 1715 Melitensium
1093 1684 1233 1725 Pragae.
1263 1702 1306 1707 —
1334 1684 1413 1714 Item
1437 1683 1533 1714 adest
1556 1683 1704 1714 ibidem
1727 1684 1759 1714 in
1782 1693 1876 1715 con-

444 1733 673 1766 firmatione
695 1734 907 1777 Matthiae,
930 1736 1040 1777 regis
1064 1735 1279 1777 Ungariae,
1303 1734 1348 1766 dt.
1372 1734 1499 1776 Budae,
1523 1733 1558 1766 9.
1580 1735 1680 1777 Junii,
1706 1732 1822 1766 1489.

876 1883 1038 1922 XLVI.

45 1974 329 2023 W'enceslaus,
361 1986 444 2012 rex
475 1974 679 2013 Boffmiae
710 1977 749 2013 et
777 1976 892 2013 sacri
920 1987 996 2026 per
1030 1974 1301 2015 Germaniam
1332 1976 1498 2026 imperii
1526 1978 1792 2026 procurator,
1825 1974 1875 2014 ob

37 2043 206 2080 servilia
237 2042 430 2091 maqi-s‘tri
469 2041 693 2093 Willzelmz’,
726 2043 935 2093 capellani
972 2044 1039 2081 sui
1071 2046 1110 2081 et
1138 2042 1322 2081 custodis
1355 2043 1547 2093 corporis
1579 2044 1647 2081 sui
1677 2043 1876 2094 specialis

39 2111 79 2147 et
103 2108 273 2161 plebani
304 2122 338 2147 s.
365 2109 593 2148 Michaelis
626 2111 858 2160 Znoymae,
883 2109 981 2149 huic
1013 2111 1214 2148 ecclesiae
1236 2110 1378 2148 villam
1418 2110 1705 2149 Walteinowice
1727 2109 1876 2149 reddit.

346 2177 437 2216 Act.
470 2177 514 2215 in
546 2177 715 2216 castello
745 2178 945 2229 Burylin,
976 2189 1116 2216 mense
1147 2177 1384 2228 Decembri,
1424 2177 1574 2216 1243.

206 2248 267 2309 In
288 2268 462 2308 Nomine
487 2269 662 2309 Domini.
694 2270 840 2309 Amen.
887 2270 978 2309 Nos
1003 2269 1299 2309 VVencezlaus
1323 2270 1389 2309 dei
1414 2271 1557 2323 gratia
1582 2270 1681 2309 Rex
1706 2270 1876 2310 Boemie

37 2338 220 2386 quartus.
256 2339 298 2375 et
327 2337 439 2376 sacri
472 2347 548 2387 per
571 2338 831 2390 germaniam
861 2338 1025 2388 Imperii
1047 2341 1304 2388 procurator.
1337 2338 1522 2377 omnibus
1556 2339 1594 2377 in
1622 2341 1876 2389 perpetuum.

36 2402 225 2456 Dignvm
263 2406 340 2442 est.
383 2407 425 2444 et
463 2415 685 2443 consonum
723 2406 883 2444 rationi.
921 2409 967 2445 vt
1005 2406 1061 2444 hii
1101 2407 1169 2457 qui
1207 2406 1432 2457 principum
1473 2404 1649 2444 fideliter
1680 2406 1877 2445 insistunt

37 2470 262 2522 obsequiis.
295 2474 394 2522 aput
425 2472 539 2522 ipsos
577 2472 795 2525 gaudeant
826 2473 1050 2527 priuilegio
1091 2475 1231 2526 gratie
1264 2474 1474 2524 specialis.
1536 2471 1710 2513 Cunctis
1743 2474 1877 2527 igitur

35 2540 182 2578 tenore
213 2540 477 2589 presentium.
518 2543 598 2580 tam
629 2541 810 2592 posteris
849 2552 967 2593 quam
998 2541 1219 2581 modernis.
1258 2540 1347 2581 fieri
1385 2541 1571 2581 volumus
1602 2540 1874 2581 manifestum.

1638 2609 1668 2648 5
