2155 2928
965 162 1059 202 141

93 303 256 343 introitu
281 302 548 353 episcopatus
579 302 723 341 nostri.
752 313 842 341 cum
873 303 1120 341 intraremus
1147 301 1407 340 Mox-awiam.
1439 303 1481 339 te
1513 301 1554 339 in
1587 301 1797 340 cuiusdam
1830 301 1926 340 ville

91 371 359 423 possessione
392 369 501 409 dicte
539 371 718 409 Hirse'tz.
752 381 831 421 que
872 373 964 409 octo
997 370 1142 408 laneos
1182 368 1349 407 obtinet.
1389 368 1634 407 invenimus.
1678 372 1720 407 et
1753 369 1926 407 eandem

91 437 225 478 villam
272 437 488 476 ostendisti
534 449 611 487 per
659 436 869 476 sufficiens
909 439 1202 477 documentum.
1251 439 1292 475 te
1340 436 1650 475 racionabiliter
1695 436 1927 486 possidere.

91 505 179 545 Nos
210 505 294 544 tibi.
319 506 386 555 qui
418 508 459 543 te
483 508 564 543 tam
597 503 688 544 fidei
714 506 901 556 puritate.
935 516 1052 556 quam
1077 505 1346 543 seruiciorum
1370 504 1603 557 exigentia.
1632 503 1927 542 retribucionis

91 574 242 624 premio
275 572 444 626 dignum
473 572 614 611 reddis
647 573 789 611 damus
817 577 858 612 et
890 572 1136 612 conferimus
1161 571 1388 610 liberaliter
1412 574 1453 610 et
1475 571 1652 610 libenter
1685 572 1724 609 in
1753 569 1926 610 feodum.

93 641 258 691 capituli
290 641 418 679 nostri
452 640 684 679 accedente
723 652 946 680 consensu.
979 640 1204 691 predictam
1242 639 1376 678 villam
1418 640 1457 677 in
1498 639 1663 677 Hirsilz
1704 650 1793 677 cum
1834 642 1926 678 octo

90 708 235 748 laneis.
267 720 355 747 cum
389 708 573 747 omnibus
606 709 775 747 iuribus.
809 720 951 747 censu.
985 708 1166 746 decimis.
1200 707 1361 745 iudicio.
1390 707 1558 745 stewris
1591 708 1791 746 vecturis.
1826 718 1928 756 pro-

91 777 281 815 nentibus
313 777 549 815 attinentiis.
583 776 714 814 silvis.
748 777 889 826 pratis.
923 776 1103 826 pascuis.
1144 778 1185 815 et
1217 774 1472 813 vtilitatibus.
1506 785 1585 825 que
1619 774 1776 813 eisdem
1808 774 1929 812 bonis

92 844 241 883 insunt.
279 844 348 883 vel
386 845 528 882 inesse
570 847 761 894 poterunt
803 845 843 882 in
882 842 1055 882 futurum
1103 846 1144 881 et
1185 842 1357 881 eandem
1397 842 1547 881 villam.
1588 842 1695 881 nullo
1735 842 1927 880 diminuto

92 912 159 951 vel
192 915 369 963 excepto
402 923 478 962 per
501 916 543 950 te
576 923 626 950 ac
652 911 836 950 heredes
868 915 961 950 tuos
985 909 1088 949 filios
1120 911 1329 950 dumtaxat
1357 913 1397 949 et
1429 921 1509 948 non
1536 908 1636 948 filias
1658 910 1772 949 titulo
1805 908 1928 948 feodi.

91 981 237 1018 teneas
261 983 302 1019 et
325 980 557 1030 possideas.
586 990 635 1018 ac
660 980 831 1018 racione
855 980 984 1029 ipsius
1010 977 1132 1017 feodi.
1162 979 1226 1017 ius
1250 977 1500 1016 vasallorum
1528 977 1709 1016 ecclesie
1732 977 1924 1030 Magde-

92 1047 320 1101 burgensis
352 1048 512 1086 habeas
545 1049 585 1086 in
611 1047 794 1086 omnibus
827 1047 1115 1085 indistinctum.
1139 1046 1246 1097 quod
1280 1045 1463 1084 omnibus
1495 1043 1716 1084 infeodatis
1749 1057 1774 1083 a
1806 1045 1926 1083 nobis

91 1115 365 1154 concedimus.
399 1115 589 1167 quodque
616 1115 797 1155 heredes
830 1115 885 1153 tui
911 1113 978 1152 filii
1010 1117 1162 1153 tantum
1189 1114 1296 1152 sicut
1329 1113 1567 1162 premissum
1599 1115 1674 1150 est.
1708 1111 1927 1165 gaudeant

91 1183 180 1233 ipso
212 1183 313 1221 iure.
360 1183 481 1222 Datis
514 1183 635 1223 etiam
667 1184 707 1221 in
740 1183 1079 1236 recognicionem
1113 1182 1309 1219 bonorum
1336 1179 1559 1219 eorundem
1591 1180 1711 1218 annis
1745 1179 1927 1232 singulis

92 1252 304 1289 canonicis
337 1252 490 1289 nostris
515 1251 869 1290 Olomucensibus.
903 1250 954 1288 de
979 1250 1161 1300 quolibet
1192 1260 1331 1286 manso
1356 1248 1426 1286 tibi
1461 1248 1673 1285 seruiente
1697 1258 1927 1285 mensuram

91 1318 214 1357 tritici
246 1318 576 1369 quemadmodum
614 1319 682 1357 alii
716 1317 909 1357 infeodati
954 1317 1055 1355 dare
1087 1319 1292 1355 tenentur.
1355 1315 1448 1354 Non
1492 1314 1611 1353 dabis
1650 1315 1770 1352 etiam
1811 1325 1927 1352 men-

92 1396 227 1424 suram
259 1387 382 1425 tritici
414 1386 466 1424 de
498 1387 632 1439 agris.
666 1397 769 1437 quos
803 1386 855 1424 ad
886 1396 986 1424 vsus
1018 1388 1087 1423 tue
1111 1380 1384 1437 agriculture.
1418 1393 1468 1420 ac
1501 1380 1737 1421 famulorum
1769 1384 1927 1420 tuorum

93 1452 265 1491 duxeris
297 1453 566 1504 deputandos.
615 1453 731 1502 Quod
766 1458 898 1492 autem
925 1453 1054 1491 omnia
1090 1452 1290 1501 premissa
1325 1450 1449 1489 robur
1482 1450 1694 1488 obtineant
1725 1452 1927 1499 perpetue

92 1518 301 1559 firmitatis.
335 1533 410 1560 nos
439 1522 489 1560 ad
522 1523 584 1560 rei
616 1522 846 1560 memoriam
875 1521 1176 1569 sempiternam.
1211 1521 1445 1569 presentem
1472 1518 1667 1569 paginam
1701 1516 1795 1555 inde
1823 1527 1926 1555 con-

94 1588 234 1630 scribi.
266 1590 478 1640 nostrique
510 1590 638 1642 sigilli
672 1590 862 1628 iussimus
895 1588 1109 1626 munimiile
1142 1585 1345 1623 roborari.
1408 1584 1606 1622 'restibus
1639 1583 1688 1621 ad
1723 1583 1927 1622 cautelam

92 1655 375 1703 nichilominus
407 1657 650 1695 subnotatis.
684 1660 815 1695 testes
849 1659 996 1694 autem.
1030 1655 1096 1705 qui
1129 1653 1306 1691 aderant
1338 1656 1451 1690 sunt:
1484 1650 1733 1689 Herbordus
1768 1648 1928 1700 dapifer

93 1725 234 1761 noster
254 1723 306 1762 de
329 1724 590 1774 vvllmsteyn.
614 1724 825 1763 Iohannes
843 1721 946 1761 filius
966 1723 1108 1771 ipsius.
1134 1720 1439 1758 Ifflellembertus
1466 1718 1750 1757 marschalcus
1770 1722 1925 1757 noster.

95 1788 344 1830 Gebhardus
384 1792 436 1830 de
469 1792 584 1832 Gels.
627 1791 853 1830 Ludwicus
887 1790 938 1828 de
971 1789 1152 1828 Meduiz.
1191 1787 1403 1825 Radzlaus
1436 1787 1668 1825 advocatus
1700 1790 1843 1825 noster
1876 1786 1927 1824 de

93 1857 324 1908 Hozenpla.
362 1859 576 1898 Allbertus
608 1859 776 1909 Snypir.
820 1856 1040 1896 Com-auus
1079 1856 1130 1894 (le
1168 1854 1317 1893 Bruks.
1357 1855 1474 1893 ciues
1515 1854 1806 1904 Opawienses.
1871 1854 1926 1892 Et

95 1936 172 1964 nos
213 1926 428 1976 capitulum
470 1926 768 1965 olomucense:
817 1924 1103 1962 Bartolomeus
1146 1923 1343 1961 decanus.
1390 1922 1636 1961 llerbordus
1676 1922 1926 1972 prepositus.

95 1991 334 2043 Stephanus
367 1993 700 2032 archidiaconus.
734 1990 955 2031 Conradus
988 1991 1248 2029 scolasticus.
1282 1990 1438 2040 Symon
1465 1993 1620 2029 custos.
1655 1993 1695 2029 et
1727 1990 1794 2028 alii
1829 2000 1927 2040 pre-

94 2064 252 2099 sentes.
284 2061 496 2110 premissis
530 2060 714 2098 omnibus
747 2070 992 2097 consensum
1023 2061 1203 2096 nostrum
1237 2057 1500 2108 presentibus
1528 2068 1787 2108 expressum.
1820 2057 1927 2096 libe-

94 2127 238 2166 raliter
276 2127 521 2167 adhibentes
564 2127 704 2180 sigillo
746 2127 877 2165 nostri
922 2126 1100 2176 capituli.
1141 2125 1193 2164 ad
1234 2126 1427 2164 maiorem
1475 2125 1733 2164 evidenciam
1774 2124 1926 2175 apendi

94 2191 266 2232 fecimus
298 2194 392 2233 huic
425 2195 591 2244 scripto.
654 2194 801 2232 Datum
834 2195 875 2232 in
907 2193 1158 2243 Hocemploz
1191 2205 1300 2232 anno
1333 2193 1478 2233 domini
1511 2193 1731 2233 Millesimo
1765 2192 1925 2232 ducen-

96 2262 240 2300 tesimo
273 2262 622 2314 quinquagesimo
655 2262 781 2311 primo
812 2261 1018 2301 Kalendis
1049 2261 1249 2314 Augusti.

403 2358 432 2390 E
456 2358 609 2399 duplici
633 2359 827 2399 originali
850 2360 881 2389 in
904 2358 1037 2389 archivo
1061 2358 1358 2390 Cremsiriensi
1381 2377 1423 2382 —
1446 2359 1732 2401 Apographum
1756 2360 1787 2390 in
1810 2357 1925 2389 codice

504 2407 756 2441 olomucensi
780 2410 804 2441 I.
831 2409 883 2440 sol.
906 2407 968 2440 82.
