2155 2928
1076 155 1179 195 286

216 303 399 344 eiusdem
430 302 684 353 Stephanum
716 298 910 352 Ungarie
942 298 1095 350 Reges
1134 295 1322 335 Illustres
1362 296 1403 332 et
1436 293 1652 333 Danielem
1683 294 1851 348 Regem
1883 295 2055 353 Russie,

215 376 257 410 et
289 370 390 409 tilios
424 371 534 422 eius,
568 373 609 408 et
640 372 805 407 ceteros
842 365 1077 415 Rutlienos,
1119 373 1171 401 ac
1203 362 1458 413 'Phartaros,
1500 362 1567 412 qui
1607 361 1739 401 eidem
1779 363 1817 401 in
1860 363 2054 404 auxilium

214 443 443 491 venerant,
483 443 524 476 et
556 436 786 475 Boleslaum
827 432 1173 481 Cracouiensem,
1212 432 1253 467 et
1292 428 1581 483 Laczkonem,
1615 430 1803 468 iuuenem
1842 430 2053 472 Lansacie

214 507 383 558 Duces,
429 509 470 544 et
511 506 758 543 innumeram
807 499 1096 539 multitudinem
1149 497 1457 536 inhumanorum
1515 497 1716 536 hominum
1765 496 2052 555 Cumanorum,

213 574 501 627 Ungarorum,
545 576 585 610 et
624 570 879 608 diuersorum
918 566 1184 617 Sclauorum,
1225 565 1457 606 Siculorum
1491 575 1654 616 quoque
1688 568 1729 605 et
1759 565 2052 623 Valachorum,

214 642 553 691 Bezzeninorum,
582 643 622 676 et
648 636 983 686 ismahelitarum,
1009 633 1343 673 Scismaticorum
1370 634 1490 672 etiam
1518 637 1658 683 vtpote
1682 633 1926 687 Grecorum,
1951 635 2055 674 Bul-

213 721 426 762 garorum,
460 706 751 745 Rasniensium
792 708 832 742 et
866 702 1153 741 Bosniensium
1192 701 1467 740 hereticorum
1509 704 1682 740 auctore
1722 701 1801 741 deo
1840 704 2053 756 gessimus

213 780 254 816 et
289 776 460 815 victorie
493 774 611 812 nobis
645 772 738 811 date
771 771 932 823 celitus,
966 773 1007 808 et
1041 774 1133 820 post
1158 770 1373 808 victoriam
1405 770 1513 808 inter
1546 781 1621 808 nos
1656 781 1712 809 ex
1744 774 1862 821 parte
1889 783 1986 824 una,
2011 774 2054 812 et

212 844 344 882 dictos
376 844 528 894 Reges
562 852 616 879 ex
648 840 779 878 altera
813 838 1037 877 concordie
1071 836 1293 877 reformate
1326 849 1566 888 processum
1596 849 1676 876 non
1709 838 1762 877 ab
1795 848 1842 877 re
1865 838 2053 879 duximus

210 912 258 950 P.
293 911 343 949 V.
378 911 520 960 preuia
553 908 730 946 veritate
763 906 1029 957 presentibus
1063 905 1369 944 declarandum.
1418 905 1536 945 Sane
1561 917 1650 944 cum
1678 905 1730 944 ad
1754 904 1914 960 flumen,
1947 906 2054 958 quod

210 980 388 1018 Mon-aua
413 977 572 1028 dieitur,
598 977 710 1014 eirca
745 975 874 1013 locum
907 987 930 1013 a
959 978 1099 1013 castro
1133 977 1174 1013 et
1206 973 1355 1024 oppido
1379 973 1601 1027 Hemburg
1629 973 1788 1013 duobus
1815 974 2053 1014 milliaribus

210 1046 423 1084 distantem
458 1044 650 1097 Ungarie
684 1050 724 1081 et
756 1043 929 1082 Austrie
962 1043 1060 1081 inibi
1092 1040 1267 1081 confinia
1301 1043 1585 1081 terminantem
1613 1053 1702 1081 cum
1734 1044 1890 1082 nostris
1923 1054 2054 1083 exer-

209 1113 355 1151 citibus
388 1113 648 1150 venissemus
682 1122 738 1150 ex
771 1111 963 1149 aduerso.
1010 1110 1168 1162 Sicque
1200 1109 1351 1149 factum
1384 1114 1471 1164 est,
1503 1114 1547 1150 ut
1579 1115 1723 1150 nostra
1764 1114 1805 1150 et
1845 1111 2052 1152 aduersa-

208 1182 355 1219 riorum
379 1184 517 1218 castra
537 1180 663 1217 solum
683 1179 885 1218 duntaxat
907 1179 1123 1218 deuideret
1143 1177 1314 1218 fluminis
1330 1182 1503 1232 meatus,
1521 1190 1694 1231 cumque
1716 1180 1778 1218 sic
1798 1180 1878 1219 loci
1904 1181 2052 1231 positio

208 1260 255 1287 se
285 1249 472 1300 haberet,
497 1252 538 1286 ut
565 1248 836 1286 aduersarios
859 1249 952 1286 sine
979 1247 1269 1286 irremediabili
1295 1251 1527 1286 nostrorum
1562 1248 1722 1287 iactura
1747 1249 1926 1287 votiuum
1951 1260 2053 1299 pos-

208 1328 343 1355 semus
376 1317 576 1366 consequi
616 1327 854 1369 accessum,
901 1319 943 1355 et
981 1327 1055 1366 pro
1099 1313 1359 1354 reformando
1394 1316 1501 1354 inter
1532 1328 1609 1354 nos
1642 1319 1683 1355 et
1716 1316 1884 1354 eosdem
1917 1326 2058 1370 reges

207 1395 324 1438 pace,
358 1388 567 1435 postquam
602 1382 749 1422 fuisset
788 1385 989 1435 utrimque
1022 1384 1279 1434 aliquociens
1320 1384 1592 1434 multipliciter
1624 1387 1917 1437 attemptatum,
1949 1385 2051 1435 ipsis

205 1464 306 1490 vero
341 1453 537 1506 Regibus
571 1452 623 1491 de
656 1452 723 1490 die
763 1452 802 1490 in
837 1452 955 1505 diem,
990 1456 1031 1491 et
1071 1451 1123 1490 de
1156 1451 1257 1490 hora
1292 1452 1331 1490 in
1365 1452 1507 1491 horam
1540 1463 1641 1490 suas
1675 1453 1714 1490 in
1748 1452 1938 1491 diuersas
1969 1463 2052 1491 va-

206 1521 404 1559 riantibus
439 1520 672 1558 voluntates
699 1532 777 1559 non
812 1523 995 1558 restaret
1019 1520 1166 1571 aliquis
1200 1521 1316 1571 pacis
1341 1520 1470 1559 locus.
1507 1521 1617 1560 Haut
1644 1520 1806 1559 dubium
1839 1520 1891 1559 ad
1921 1522 2052 1560 instar

206 1588 436 1626 Pharaonis
468 1589 597 1627 corda
630 1589 785 1627 illorum
810 1588 1027 1627 indurante
1061 1589 1235 1627 Domino
1268 1589 1484 1627 ulcionum.
1517 1588 1755 1628 Nouissime
1788 1589 1908 1628 unius
1947 1588 2053 1628 duo-

206 1669 290 1694 rum
327 1661 442 1706 parte
475 1657 655 1695 aduerse
696 1656 911 1695 obtulimus
945 1657 1163 1710 optionem,
1203 1660 1245 1695 ut
1278 1657 1475 1696 videlicet
1508 1657 1576 1695 vel
1610 1657 1676 1695 illa
1710 1657 1830 1696 nobis
1863 1656 2049 1711 cederet,

207 1729 409 1774 quatenus
454 1724 506 1762 ad
547 1724 719 1762 eandem
760 1724 940 1777 gerendi
985 1724 1079 1762 belli
1120 1736 1250 1764 causa
1289 1726 1472 1764 transire
1512 1736 1743 1778 possemus,
1785 1725 1853 1764 vel
1894 1737 1970 1764 nos
2008 1724 2050 1764 id

205 1793 308 1841 parti
349 1792 532 1830 adverse
571 1792 911 1830 concederemus.
975 1793 1011 1831 Ε
1059 1793 1207 1843 quibus
1254 1793 1469 1832 disiunctis
1513 1794 1698 1844 partibus
1738 1794 1908 1833 alterum
1952 1805 2049 1844 pars

206 1860 385 1898 adversa
418 1860 563 1913 elegit,
587 1864 630 1899 ut
658 1860 853 1899 videlicet
885 1872 961 1899 nos
985 1861 1245 1915 cederemus,
1279 1865 1321 1900 et
1343 1865 1485 1901 nostra
1517 1863 1712 1900 cessione
1736 1862 1892 1901 eisdem
1918 1862 2050 1902 locum

207 1928 446 1966 transeundi
490 1928 695 1981 daremus,
744 1932 786 1967 et
824 1933 866 1967 ut
914 1928 952 1967 id
993 1941 1122 1979 posse
1169 1928 1257 1968 fieri
1297 1930 1526 1983 videretur,
1574 1931 1722 1981 quovis
1763 1930 2048 1980 impedimento

206 2000 415 2048 cessante,
449 1997 543 2035 dicti
584 1998 752 2051 Reges,
786 2000 827 2037 et
867 2008 1006 2036 eorum
1039 1998 1140 2036 rami
1180 2001 1221 2037 et
1253 1999 1425 2037 comites
1464 1998 1677 2051 threvgas
1716 1999 1974 2051 constitutas,
2007 2000 2050 2037 et

205 2065 290 2102 suis
324 2065 558 2103 iuramentis
592 2063 769 2104 firmatas
803 2077 878 2115 per
909 2069 1032 2104 totum
1067 2067 1172 2106 diem
1204 2066 1328 2105 beate
1361 2066 1645 2119 Margarethe
1684 2064 1830 2105 festum
1864 2066 2048 2117 proxime

208 2132 512 2186 precedentem,
563 2137 604 2172 et
642 2134 900 2172 medietatem
947 2134 1077 2183 ipsius
1118 2132 1211 2173 sesti
1261 2134 1342 2173 diei
1388 2135 1506 2173 nobis
1552 2134 1824 2173 mediantibus
1870 2134 2046 2184 ydoneis

208 2201 381 2237 nunt-tiis
424 2201 683 2240 remiserunt.
752 2202 905 2240 Verum
946 2201 1064 2240 iidem
1104 2213 1179 2240 sua
1221 2199 1346 2255 facta,
1387 2205 1429 2241 et
1470 2203 1698 2241 iuramenta
1739 2202 1846 2241 soliti
1884 2202 2047 2240 violare

209 2279 281 2316 per
314 2268 421 2306 vada
456 2269 638 2322 inventa,
682 2274 723 2309 et
755 2270 832 2309 sibi
866 2274 1004 2320 aptata
1038 2271 1140 2309 clam
1174 2274 1296 2309 nocte
1329 2270 1380 2309 ad
1416 2274 1597 2309 nostram
1631 2274 1788 2321 partem
1820 2281 1909 2308 cum
1942 2270 2047 2309 omni

207 2347 281 2372 suo
315 2337 502 2375 exercitu
535 2339 800 2378 transierunt.
863 2339 918 2378 Et
950 2350 1039 2377 cum
1072 2338 1304 2377 diceremus
1337 2350 1422 2389 pax
1460 2342 1502 2377 et
1533 2339 1755 2390 securitas,
1787 2338 1923 2376 subito
1955 2349 2045 2377 cum

209 2402 471 2441 inenarrabili
505 2406 753 2444 multitudine
794 2410 938 2445 contra
972 2418 1047 2446 nos
1087 2408 1334 2457 improvisos
1373 2411 1655 2457 apparuerunt
1693 2407 1733 2445 in
1773 2416 1928 2455 campo.
1992 2405 2046 2444 Et

209 2480 295 2506 eum
329 2471 367 2507 in
400 2483 474 2520 spe
513 2473 786 2527 tbi-evgarum
828 2476 900 2514 vix
934 2475 1093 2513 decima
1133 2487 1228 2525 pars
1263 2476 1392 2514 nostri
1433 2476 1644 2513 exercitus
1686 2485 1818 2524 penes
1859 2485 1935 2512 nos
1967 2484 2043 2524 pro

210 2540 350 2574 nostre
390 2539 574 2577 custodia
623 2553 802 2591 persone
845 2544 1128 2596 remansisset,
1172 2554 1221 2582 eo
1261 2543 1368 2594 quod
1410 2543 1550 2593 plures
1591 2542 1642 2581 de
1681 2542 1836 2582 nostris
1868 2542 2041 2582 transito

2149 1296 2151 1318 l
