2155 2928
947 174 1246 236 ,μὲθβμ

182 330 288 368 sicut
321 325 454 366 fenum
487 325 584 378 agri
618 322 721 362 filins
753 319 924 359 hominis
949 316 1066 354 homo
1101 311 1253 351 vermis
1281 310 1508 348 conteritur
1534 312 1576 347 et
1599 308 1768 360 arescit,
1795 318 2015 347 consonum

182 397 339 435 racioni
373 394 547 444 uidetur,
579 396 621 430 ut
653 390 758 428 illius
792 386 900 425 sacta
934 385 1159 421 litterarum
1193 378 1447 417 amminiculo
1481 377 1743 415 roborentur.
1797 375 1905 413 Hinc
1938 378 2015 429 est,

184 463 289 515 quod
324 474 398 501 nos
432 461 482 500 ob
517 458 800 498 reuerenciam
834 453 1021 506 gloriose
1046 448 1242 501 virginis,
1276 457 1355 496 que
1391 444 1682 495 peccatoribus
1710 442 1925 481 mediatrix
1953 446 2016 482 est

185 536 226 570 et
257 530 430 581 medela,
463 527 676 577 empcioni,
710 534 825 574 quam
859 519 1048 558 fecerunt
1080 516 1210 555 abbas
1244 519 1285 553 et
1309 517 1540 552 conuentus
1574 513 1613 550 in
1647 510 1873 562 IVequrad
1894 521 2018 561 super

185 599 281 637 vina
323 595 497 637 Zlalm'lc
536 597 679 633 contra
722 589 969 639 Zmylonem
1018 584 1069 623 de
1112 582 1287 622 Belkow
1334 586 1463 620 ratam
1511 592 1561 620 ac
1607 583 1774 633 gratam
1815 578 2017 618 habentes

185 667 311 717 ipsam
343 664 588 703 auctoritate
622 659 744 712 regia
778 654 1073 695 confirmamus
1106 651 1263 690 'restes
1290 653 1424 688 autem
1449 649 1569 687 huius
1602 650 1662 686 rei
1695 650 1810 685 sunt:
1838 646 2018 700 u'itego

187 734 238 772 de
279 732 399 771 Noua
447 730 576 768 domo.
622 724 903 775 Marquardus
954 721 1006 759 de
1048 720 1294 758 Donawicz.
1342 718 1508 757 Parduz
1549 716 1834 757 Olomucensis
1881 725 2020 754 came-

188 801 336 839 rarius.
369 797 612 837 Zudomirus
645 792 773 832 frater
806 792 908 829 eius.
942 788 1199 828 &vilhelmus
1240 788 1291 826 de
1327 785 1612 836 Huztopecsh.
1653 784 1826 824 Odolcn.
1867 783 2020 822 Benes.

187 869 359 906 Rutsco.
392 863 615 904 Nezamizl.
648 860 834 899 Ratibor.
879 859 1028 896 Actum
1062 868 1168 895 anno
1209 856 1356 894 domini
1398 855 1456 894 M.
1492 851 1581 894 CC.
1613 853 1729 893 LVI.
1792 852 1943 891 Datum
1980 851 2020 890 in

188 936 359 974 Brunna
392 944 465 983 per
496 941 637 970 manus
671 927 861 981 magistri
893 925 1112 965 wilhelmi
1145 923 1443 975 prothonotarii
1476 922 1591 961 curie
1625 925 1780 960 nostre.

492 1026 625 1059 Codex
670 1023 1012 1057 Welehradensis
1036 1023 1057 1054 s.
1082 1022 1143 1054 42.

993 1187 1218 1230 CCXXX.

188 1296 305 1337 Idem
333 1294 622 1346 possessiones
653 1292 800 1331 domu-s·
829 1304 861 1330 s.
895 1292 1078 1332 Joanm's
1107 1302 1183 1342 per
1213 1290 1453 1329 Morsu-iam
1475 1287 1652 1327 absolvi!
1682 1299 1707 1325 a
1724 1284 2024 1337 Jurisdictione

250 1365 370 1414 reyia
410 1365 448 1401 et
485 1361 665 1401 diversis
704 1359 1006 1400 afflctionibus,
1069 1360 1218 1399 Actum
1259 1357 1374 1410 apud
1410 1358 1617 1407 Prayam,
1658 1354 1762 1393 Idus
1800 1354 1960 1403 jhu-cei,

1038 1427 1186 1466 1256.

361 1522 419 1582 In
462 1542 624 1579 nomine
666 1542 813 1577 sancte
856 1542 897 1577 et
935 1537 1143 1576 indiuidue
1183 1536 1376 1576 trinitatis
1418 1546 1549 1574 amen.
1614 1533 1848 1574 Otacharus
1889 1532 1956 1583 qui
1989 1534 2030 1570 et

190 1609 366 1648 Premizl
399 1609 463 1647 dei
491 1608 642 1661 gracia
676 1607 861 1646 dominus
887 1607 1011 1660 regni
1041 1606 1210 1644 Boemie
1236 1604 1320 1643 dux
1354 1604 1538 1655 Austrie,
1567 1605 1607 1641 et
1633 1602 1814 1641 marchio
1837 1600 2030 1640 Morauie

192 1678 374 1716 omnibus
416 1678 720 1726 imperpetuum.
783 1675 928 1727 Regie.
973 1675 1199 1712 maiestatis
1244 1673 1443 1711 industria
1488 1671 1594 1709 hanc
1643 1671 1720 1709 sibi
1764 1681 1837 1720 pre
1878 1669 2030 1708 ceteris

193 1745 325 1783 mundi
367 1744 570 1783 nobilibus
609 1744 750 1796 legem
784 1744 914 1795 ponit,
964 1746 1007 1781 vt
1048 1742 1168 1780 bonis
1209 1741 1406 1791 operibus
1446 1751 1586 1778 aurem
1634 1750 1710 1778 sue
1753 1737 2027 1791 benignitatis

193 1813 372 1864 inclinet,
413 1816 454 1851 et
494 1812 787 1865 religiosorum
830 1811 1143 1849 comoditatibus
1192 1809 1408 1847 intendere
1457 1820 1537 1847 non
1579 1808 1744 1846 omittat.
1807 1807 1915 1845 Hinc
1955 1808 2031 1857 est,

195 1880 301 1931 quod
333 1892 408 1918 nos
438 1880 729 1933 religiosorum
762 1880 941 1917 virorum
964 1879 1145 1930 flatrum
1179 1877 1399 1929 hospitalis
1431 1890 1465 1915 s.
1499 1877 1672 1915 Ioannis
1695 1875 1919 1928 priuilegia
1953 1884 2032 1912 non

196 1948 439 2001 cancellata,
472 1960 551 1986 non
592 1949 760 2000 abolita,
794 1958 871 1986 nec
906 1948 946 1985 in
979 1947 1117 1997 aliqua
1157 1947 1219 1984 sui
1255 1950 1371 1996 parte
1405 1946 1573 1995 viciata,
1608 1944 1843 1996 viderimus,
1885 1946 1926 1981 et
1959 1952 2032 1980 nos

196 2016 417 2054 eorundem
449 2017 539 2066 paci
574 2020 615 2054 et
648 2016 772 2066 quieti
806 2017 846 2054 in
881 2016 987 2053 nullo
1022 2015 1159 2068 magis
1199 2014 1405 2052 credimus
1439 2023 1704 2065 succurrere,
1743 2023 1861 2062 quam
1895 2021 2033 2049 eorum

196 2085 489 2133 possessiones
529 2096 552 2122 a
586 2085 746 2122 cunctis
788 2083 1082 2122 vexationibus
1122 2083 1162 2120 in
1203 2086 1393 2133 quantum
1435 2092 1651 2131 possumus
1691 2083 1800 2118 tutas
1841 2078 2033 2130 reddere,

200 2155 240 2189 et
270 2151 474 2190 honorare
508 2156 707 2202 perpetua
733 2151 936 2190 libertate.
990 2151 1194 2189 Nouerint
1227 2150 1356 2203 igitur
1388 2153 1467 2188 tam
1496 2152 1717 2199 presentes
1750 2158 1868 2198 quam
1899 2144 2033 2198 futuri,

200 2218 305 2268 quod
338 2230 477 2258 omnes
519 2221 813 2269 possessiones
846 2219 993 2258 domus
1035 2232 1067 2257 s.
1102 2219 1276 2257 Ioannis
1307 2230 1383 2269 per
1422 2218 1677 2266 Morantum,
1710 2216 1961 2254 vniuersam.
1994 2214 2035 2252 in

203 2297 445 2337 quacunque
487 2288 697 2337 prouincia
739 2299 813 2326 eas
855 2287 1109 2340 possideant,
1152 2290 1194 2326 et
1224 2286 1359 2325 adhuc
1398 2284 1550 2325 suerint
1582 2285 1835 2336 possessuri,
1870 2285 2036 2333 propter

202 2353 390 2401 pietatem
424 2365 539 2404 quam
573 2356 771 2394 exhibent
803 2356 917 2394 circa
950 2366 1156 2406 pauperes
1191 2358 1232 2393 et
1265 2352 1455 2406 infirmos,
1489 2353 1542 2392 ab
1566 2354 1671 2392 omni
1703 2354 1807 2405 iure,
1842 2350 1949 2402 quod
1982 2348 2035 2388 ad

206 2430 294 2471 nos,
326 2421 394 2458 vel
431 2433 706 2462 successores
739 2426 904 2462 nostros
945 2425 1135 2475 pertinet,
1179 2422 1366 2461 duximus
1406 2420 1701 2460 absoluendos.
1764 2420 1861 2458 Iura
1902 2421 2035 2457 autem

207 2497 231 2523 a
263 2487 408 2535 quibus
448 2500 520 2526 eos
553 2490 802 2529 absoluimus
834 2495 930 2529 sunt
968 2491 1059 2529 hec.
1122 2491 1278 2541 Nare-z,
1311 2489 1541 2539 Noc-zleyh,
1583 2489 1756 2539 Powoz,
1797 2491 1838 2526 et
1878 2486 1930 2525 ab
1970 2484 2036 2523 illo

209 2554 297 2591 iure
332 2565 401 2602 pro
441 2566 518 2604 quo
552 2557 698 2596 dantur
739 2559 1047 2610 quatuordecim
1087 2559 1244 2597 nummi.
1308 2559 1485 2607 Insuper
1524 2557 1679 2595 liberos
1719 2566 1817 2595 esse
1850 2554 2033 2593 volumus
