2155 2928
957 169 1255 229 ‘KQ—-

193 317 354 356 Domini
404 316 531 354 nostri
580 313 785 352 constituti
835 309 1053 348 fuissemus
1099 317 1227 356 super
1268 305 1525 344 ordinatione
1571 305 1686 354 pacis
1729 307 1769 342 et
1806 304 2028 343 concordie

192 387 298 423 inter
332 382 529 433 prefatum
564 382 759 420 dominum
800 382 978 416 nostrum
1022 386 1189 427 regem,
1230 378 1271 412 et
1303 372 1556 422 P.[remysl]
1600 372 1794 409 illustrem
1834 372 2028 410 dominum

193 453 389 491 dominum
439 461 584 503 regem
633 448 799 486 Boemie
855 444 1059 493 deputatis
1115 441 1232 479 nobis
1289 444 1331 478 et
1387 440 1608 478 associatis
1661 439 2029 478 coarbitratoribus

195 519 436 558 Venerabili
480 519 517 555 in
561 515 728 556 Christo
770 517 884 563 patre
919 508 1177 560 llo-unone)
1220 507 1284 546 dei
1326 507 1468 560 gratia
1509 507 1718 556 Episcopo
1759 505 2028 544 olomucensi.

192 587 470 636 XVythycone
510 584 561 622 de
602 594 707 621 noua
747 580 875 618 domo.
939 578 1117 617 Otthone
1159 576 1209 614 de
1249 575 1412 627 Messe,
1451 573 1643 613 Kadoldo
1682 573 1880 626 orphano,
1913 573 2029 622 Wy-

193 655 323 693 kardo
357 653 408 691 de
434 652 573 690 'l'erna
607 661 661 688 ex
696 653 812 698 parte
846 644 992 696 prefati
1026 644 1072 683 P.
1107 643 1253 682 domini
1286 643 1407 695 regis
1436 642 1619 693 Boemie,
1652 641 1704 679 ad
1738 640 2030 680 ordinationem

194 721 375 759 eiusdem
436 719 549 768 pacis
596 722 635 755 et
694 713 916 753 concordie
963 723 1053 750 cum
1101 710 1272 763 effectu,
1324 713 1504 748 tractatu
1553 708 1768 759 prehabito
1823 708 2026 761 diligenti,

193 788 355 827 tandem
394 785 657 824 conuenimus
698 784 736 820 in
780 781 856 819 hac
898 778 1040 831 forma,
1074 777 1178 829 quod
1213 778 1398 816 dominus
1431 780 1575 815 noster
1614 787 1692 815 rex
1724 776 1949 828 Huugarie
1987 779 2027 815 et

193 857 255 894 sui
288 854 468 893 heredes
502 853 702 890 Ducatum
736 849 863 888 Stirie
897 859 986 885 cum
1017 847 1202 885 omnibus
1237 845 1471 885 attinenciis
1504 845 1591 883 suis
1625 848 1666 883 et
1699 844 1856 882 iuribus
1896 844 2030 893 possi-

194 923 347 961 debunt
380 922 466 959 iure
500 923 696 969 perpetuo
731 920 772 954 et
804 915 1003 954 tenebunt
1035 925 1168 964 usque
1201 913 1252 952 ad
1286 913 1481 951 terminos
1516 910 1622 950 infra
1655 912 1848 963 scriptos,
1873 911 2030 950 scilicet

194 1002 217 1028 a
242 989 465 1027 summitate
491 986 636 1024 montis
663 985 728 1035 qui
756 984 903 1022 dicitur
921 981 1169 1034 Semernyk,
1194 981 1418 1020 secundum
1445 980 1552 1032 quod
1580 980 1724 1019 eadem
1745 984 1935 1019 montana
1959 989 2030 1029 pro

194 1056 434 1095 diuersitate
464 1054 641 1091 locorum
667 1051 936 1090 adiacentium
964 1050 1143 1089 diuersis
1178 1050 1406 1088 nominibus
1442 1052 1690 1101 nuncupata,
1724 1048 1777 1086 ab
1811 1047 2031 1100 Hungaria

192 1125 231 1162 in
260 1122 492 1161 Bawariam
520 1120 832 1171 protenduntur,
858 1122 900 1158 et
923 1119 961 1156 in
986 1118 1183 1157 Bawaria
1206 1118 1489 1169 terminantur,
1513 1127 1639 1154 cursu
1663 1127 1859 1166 aquarum
1884 1125 2032 1153 uersus

191 1191 354 1231 Muram
387 1188 439 1227 ab
474 1188 618 1227 eadem
651 1189 879 1226 summitate
912 1188 1100 1226 montium
1140 1186 1458 1236 decurrentium,
1498 1185 1694 1222 terminos
1734 1183 2032 1236 distinguente,

192 1257 270 1296 hoc
304 1256 479 1308 adiecto,
513 1255 618 1306 quod
653 1256 688 1293 si
715 1253 908 1295 Castrum
933 1253 1249 1304 Suarchumpah
1284 1253 1394 1303 (sic)
1427 1252 1653 1291 secundum
1681 1251 1899 1290 decursum
1927 1260 2031 1301 aque

193 1336 273 1363 non
307 1323 478 1362 cederet
511 1324 549 1361 in
592 1326 746 1372 partem
782 1322 970 1360 Ducatus
1003 1322 1154 1370 Stirie,
1195 1321 1355 1359 domino
1396 1324 1537 1358 nostro
1581 1319 1677 1372 regi
1719 1316 1868 1369 prefati
1908 1317 2033 1356 nuntii

194 1397 235 1431 et
266 1392 538 1431 arbitratores
572 1391 719 1429 domini
753 1391 800 1429 P.
834 1391 959 1443 regni
994 1389 1105 1440 [sic]
1140 1389 1309 1428 Boemie
1342 1391 1657 1437 assumpserunt
1687 1396 1814 1436 super
1846 1396 1894 1424 se
1927 1385 2032 1424 obti-

200 1470 302 1498 nere
341 1471 428 1498 cum
470 1458 639 1511 ellectu,
681 1470 704 1497 a
739 1459 899 1496 domino
933 1469 1007 1496 suo
1048 1457 1254 1509 predicto,
1295 1455 1401 1507 quod
1446 1456 1485 1493 in
1525 1459 1681 1505 partem
1721 1453 1868 1492 domini
1907 1453 2034 1491 nostri

197 1528 319 1580 regis
352 1531 540 1565 transeat
573 1537 660 1564 cum
694 1526 879 1564 omnibus
912 1526 999 1563 suis
1033 1524 1268 1562 attinenciis
1301 1529 1343 1561 et
1375 1523 1544 1573 iuribus,
1579 1526 1620 1560 et
1652 1522 1900 1574 assignetur
1937 1530 2034 1569 per-

195 1599 317 1643 petuo
351 1593 657 1643 possidendum.
704 1593 771 1631 Ab
805 1593 950 1631 eadem
984 1596 1118 1630 autem
1150 1592 1378 1629 summitate
1410 1591 1598 1628 montium
1622 1588 1847 1627 secundum
1875 1598 2033 1626 cursum

197 1674 390 1712 aquarum
419 1672 570 1700 uersus
600 1662 831 1699 Danubium
857 1658 1076 1712 fluentium,
1110 1659 1214 1697 illam
1247 1659 1471 1708 portionem
1495 1657 1624 1696 Stirie
1651 1668 1739 1695 cum
1765 1660 1849 1695 toto
1875 1656 2034 1694 Ducatu

196 1730 366 1768 Austrie
398 1729 610 1779 predictus
644 1728 691 1766 P.
725 1728 924 1780 dominus,
957 1739 1046 1766 cum
1079 1728 1165 1765 suis
1198 1726 1425 1765 heredibus
1459 1726 1549 1763 iure
1582 1730 1797 1776 perpetuo,
1830 1735 1918 1762 cum
1950 1734 2034 1761 om-

196 1797 316 1834 nibus
349 1797 575 1834 attinentiis
609 1797 696 1834 suis
738 1799 780 1834 et
819 1795 976 1833 iuribus
1019 1794 1250 1845 possidebit
1289 1794 1409 1832 etiam
1450 1796 1491 1831 et
1531 1792 1701 1831 tenebit.
1763 1792 1828 1830 Ita
1869 1791 2035 1840 insuper

200 1863 303 1913 quod
339 1863 522 1901 dominus
556 1869 701 1902 noster
733 1874 812 1901 rex
846 1862 897 1901 de
932 1866 1049 1912 parte
1082 1862 1170 1913 illa,
1203 1872 1321 1911 quam
1363 1861 1454 1910 ipse
1494 1859 1747 1911 possidebit,
1788 1858 1947 1897 domine
1985 1856 2035 1895 de

199 1931 356 1982 Impirg
397 1931 508 1980 [sic]
548 1929 804 1983 satisfaciet,
845 1934 889 1969 ut
931 1934 1076 1968 contra
1117 1929 1342 1979 predictum
1381 1927 1428 1966 P.
1472 1927 1671 1966 dominum
1712 1926 1920 1964 materiam
1959 1935 2034 1962 non

199 1997 352 2035 habeat
384 1998 679 2050 conquerendi,
713 1998 836 2036 nichil
870 2003 1038 2047 propter
1075 1997 1155 2035 hoc
1195 1996 1246 2035 de
1283 1996 1445 2034 Ducatu
1484 1995 1655 2033 Austrie
1698 1997 1923 2032 retentura.
1984 1991 2037 2030 Et

201 2065 384 2103 dominus
423 2065 469 2103 P.
513 2066 564 2104 de
606 2070 721 2115 parte
763 2065 850 2117 illa,
892 2076 1011 2115 quam
1050 2065 1141 2114 ipse
1173 2064 1351 2116 tenebit,
1391 2060 1623 2101 satisfaciet
1662 2061 1820 2100 domine
1860 2058 2036 2110 preclari

199 2144 330 2170 uxore
364 2144 453 2184 sue,
487 2134 521 2170 si
556 2134 685 2183 ipsum
719 2133 897 2183 premori
930 2133 1163 2185 contingat,
1197 2134 1239 2170 et
1271 2130 1496 2169 heredibus
1528 2130 1673 2180 ipsius,
1715 2130 1771 2167 ita
1811 2131 1855 2166 ut
1891 2125 2036 2165 nullam

204 2206 344 2237 contra
388 2200 582 2238 dominum
623 2206 804 2239 nostrum
847 2211 1016 2253 regem,
1058 2200 1149 2250 ipsa
1186 2199 1256 2238 vel
1296 2200 1425 2249 ipsius
1464 2197 1667 2249 heredes,
1709 2197 1750 2235 in
1797 2198 1914 2246 parte
1959 2193 2037 2244 illa,

203 2278 320 2316 quam
355 2278 431 2305 rex
463 2268 632 2320 tenebit,
668 2269 797 2318 possit
830 2267 987 2306 habere
1021 2267 1289 2318 questionem.
1352 2267 1485 2304 Facta
1519 2269 1653 2303 autem
1693 2267 1961 2316 cognatorum
1998 2262 2039 2298 et

207 2335 422 2372 amicorum
467 2337 679 2386 utriusque
727 2337 875 2388 partis,
924 2337 1037 2374 iuxta
1088 2335 1267 2384 ipsorum
1315 2333 1544 2372 decentiam
1594 2336 1689 2370 tunc
1735 2329 2039 2379 ordinabuntur,

208 2402 370 2450 quando
416 2402 599 2441 dominus
646 2408 790 2442 noster
830 2415 931 2455 rex,
971 2408 1013 2442 et
1052 2403 1235 2441 dominus
1276 2401 1323 2440 P.
1370 2399 1576 2452 prefatuS,
1625 2399 1677 2437 ad
1723 2397 1962 2448 colloquium
2000 2396 2041 2432 et

209 2472 422 2507 tractatum
447 2472 730 2523 conuenerint,
756 2471 845 2510 loco
872 2476 913 2510 et
939 2471 1020 2525 die,
1054 2470 1105 2509 ad
1139 2470 1218 2509 hoc
1243 2469 1509 2508 communiter
1536 2466 1783 2520 assignatis.
1824 2464 1884 2502 Vt
1909 2465 2038 2501 autem

211 2534 261 2572 de
295 2535 383 2573 istis
415 2537 599 2576 articulis
632 2538 755 2577 nichil
787 2549 863 2589 per
895 2539 1094 2578 dominum
1126 2541 1306 2577 nostrum
1339 2546 1488 2590 regem
1521 2535 1760 2586 immutetur,
1799 2533 1839 2571 in
1871 2530 2039 2570 animam
