2155 2928
954 174 1257 236 4200*

987 313 1227 355 CCXXIII.

187 420 346 471 Roeelc,
381 432 517 459 comes·
550 420 600 458 de
631 417 825 457 Berneels
857 420 894 454 el
924 415 1048 459 Nida,
1083 414 1334 452 castellanus
1370 414 1652 464 Znoymensi-s·
1685 415 1920 454 testamento
1952 427 2027 455 suo

189 490 320 528 dolent
358 489 535 540 senodale
582 500 606 525 a
646 498 690 523 se
731 484 981 523 monasterio
1022 483 1170 520 Fontis
1219 494 1252 519 s.
1295 482 1464 520 ,Ulca-iae
1510 482 1554 519 in
1601 482 1696 520 ch·
1742 482 1863 532 Ieyat.
1924 484 2028 523 Acta

570 555 800 603 Znoymae,
833 550 955 589 ΧΙἸ.
989 548 1211 589 Kalendas
1244 549 1461 599 ‚Ianuarii2
1502 547 1652 588 1255.

323 645 435 706 Nos
469 662 677 702 Bothscho
711 661 775 699 dei
811 659 962 711 gracia
997 656 1149 697 Comes
1183 659 1467 697 Bernecensis
1501 661 1543 697 et
1576 656 1845 698 Castellanus
1880 659 2024 698 Znoe-

187 736 353 770 mensis.
393 731 616 769 ‘Vniversis
644 727 798 768 Christi
833 725 1021 764 fidelibus
1053 726 1102 764 ad
1139 726 1198 763 rei
1232 727 1463 764 memoriam
1489 727 1791 775 sempiternam.
1826 725 2024 774 Quoniam

187 800 371 837 actiones
406 799 601 836 hominum
635 796 818 845 quamuis
852 794 1132 843 sollempniter
1164 793 1392 832 celebrate.
1425 794 1542 832 simul
1576 805 1665 832 cum
1704 798 1888 844 tempore
1930 806 2028 845 pro-

187 867 363 905 cedente
412 864 592 903 detluere
634 866 955 900 consueuerunt.
999 865 1040 899 et
1087 865 1254 911 propter
1303 872 1436 899 rerum
1487 865 1528 899 et
1575 866 1797 912 temporum
1847 863 2026 902 incertos

188 938 361 973 euentus
395 931 508 970 finem
543 930 789 980 ‹piandoque
821 931 892 967 uix
926 929 1129 978 proprium
1163 930 1401 967 sortiuntur.
1437 930 1628 967 Necesse
1672 931 1801 981 igitur
1843 933 1884 967 et
1922 941 2022 968 con-

185 1013 333 1053 gruum
370 1004 434 1038 est
466 1002 509 1037 nt
544 1010 623 1048 que
658 998 710 1036 ab
742 999 932 1035 memoria
960 997 1160 1035 hominum
1187 997 1383 1035 decidere
1416 1002 1587 1047 possunt
1621 1002 1662 1035 et
1688 996 1875 1035 facillime
1908 998 2026 1036 anul-

185 1068 272 1106 lari.
315 1067 480 1116 scriptis
518 1077 597 1115 que
635 1069 729 1103 sunt
763 1065 951 1103 indicium
992 1066 1182 1103 ueritatis
1217 1071 1257 1103 et
1291 1066 1466 1103 testibus
1500 1065 1822 1115 perbennentur.
1870 1065 2029 1104 Noscat

182 1136 310 1187 igitur
348 1138 428 1172 tam
469 1145 648 1184 presens
689 1133 888 1171 hominum
935 1138 1027 1171 etas
1071 1144 1190 1183 quam
1230 1135 1268 1171 in
1311 1133 1467 1171 christo
1508 1144 1762 1171 successura
1807 1135 2026 1183 posteritas

183 1202 257 1240 hos
290 1202 434 1251 apices
468 1203 721 1251 inspectura.
756 1201 864 1251 quod
899 1212 985 1254 ego
1021 1201 1205 1239 Botscho
1239 1203 1365 1254 graui
1401 1199 1630 1239 infirmitate
1671 1201 1882 1240 laborans.
1922 1202 2026 1240 uiam

185 1271 382 1308 vniuerse
416 1270 556 1307 carnis
590 1269 878 1322 ingressurus.
913 1270 951 1307 in
992 1269 1214 1307 remedium
1256 1280 1345 1307 mee
1385 1274 1426 1307 et
1466 1274 1679 1319 parentum
1720 1280 1896 1307 meorum
1936 1269 2027 1308 ani-

181 1350 330 1376 marum
364 1341 536 1387 peccata
569 1348 659 1375 mea
693 1337 930 1375 elemosinis
956 1338 1176 1376 redimens.
1205 1335 1441 1375 fundacioni
1468 1348 1557 1375 mee
1584 1337 1846 1375 Monasterio
1874 1335 2029 1376 Sancte

182 1407 320 1444 Marde
352 1406 530 1455 rit-‚qinis
563 1404 791 1455 ›Sanc-tique
822 1405 991 1443 Nic-olai
1023 1406 1065 1444 in
1098 1404 1256 1445 saw-la.
1289 1404 1370 1443 tale
1410 1405 1601 1443 constitui
1648 1408 1937 1442 testamentum
1976 1404 2027 1443 de

181 1473 310 1512 libera
342 1473 574 1511 hereditate
607 1484 709 1511 mea.
745 1473 796 1511 de
823 1473 1014 1511 beniuolo
1041 1474 1187 1511 vxoris
1221 1483 1310 1511 mee
1337 1477 1377 1511 et
1403 1473 1624 1511 liberorum
1653 1483 1830 1510 meorum
1857 1471 2026 1510 consilio

182 1545 221 1579 et
256 1553 475 1579 consensu.
508 1541 663 1594 legans
697 1542 736 1579 in
772 1542 908 1591 primis
941 1545 1064 1579 totam
1100 1541 1370 1580 hereditatem
1410 1552 1537 1579 meam
1579 1552 1695 1590 quam
1738 1540 1873 1578 habeo
1913 1541 2025 1578 iuxta

183 1608 400 1649 Ciuitatem
434 1611 742 1659 oppauiensem.
769 1609 930 1647 scilicet
957 1609 1257 1647 Jla‘llzostowiza·
1289 1613 1330 1646 et
1352 1609 1512 1646 Ple-sna
1547 1608 1664 1646 uillas
1699 1614 1739 1646 et
1769 1609 2026 1646 medietatem

182 1677 274 1713 uille
311 1677 506 1714 Pntsehe.
540 1688 628 1714 eum
663 1678 767 1714 omni
802 1678 889 1715 iure
930 1680 971 1715 et
1012 1678 1240 1714 attinentiis
1282 1677 1429 1727 quibus
1471 1687 1557 1728 ego
1600 1676 1780 1725 possedi.
1845 1676 1946 1726 ltem
1984 1675 2023 1713 in

183 1742 354 1781 conlinio
375 1745 609 1782 Brvnnensi
626 1744 914 1783 Koszherowe
931 1749 971 1783 et
985 1744 1166 1782 Hellmla
1183 1756 1271 1782 cum
1293 1744 1537 1782 Parrocliia.
1567 1744 1736 1781 Decima
1760 1743 1848 1781 loco
1871 1753 2023 1781 census

194 1813 369 1849 instituta
403 1824 489 1850 eum
524 1813 680 1850 Iudicio
711 1814 840 1850 eciam
875 1816 916 1850 et
949 1813 1053 1850 omni
1088 1813 1176 1850 iure
1209 1817 1250 1850 et
1280 1813 1516 1851 attinenciis
1542 1812 1689 1862 quibus
1724 1822 1810 1864 ego
1843 1810 2024 1861 possedi.

187 1879 284 1916 Item
318 1880 423 1929 apud
447 1879 637 1919 Castrum
665 1880 915 1919 Jarzlmriz.
939 1880 1070 1918 uillam
1097 1881 1346 1931 Hs'relawe'z.
1380 1884 1421 1918 et
1455 1882 1493 1918 in
1527 1891 1578 1918 ea
1610 1881 1763 1918 curiam
1798 1891 1886 1917 cum
1920 1879 2023 1917 dua-

187 1947 264 1984 bus
297 1947 415 1985 cultis
456 1959 543 1986 cum
586 1948 703 1998 equis
743 1948 878 1986 bubus
920 1949 1066 1986 vaccis
1110 1952 1150 1986 et
1189 1948 1337 1986 ouibus
1378 1952 1419 1986 et
1457 1948 1681 1997 pecoribus
1726 1947 1947 1985 vniuersis.
1984 1950 2025 1984 et

180 2015 282 2052 omni
317 2015 403 2053 iure
437 2020 477 2052 et
510 2016 744 2053 attinenciis
778 2016 926 2065 quibus
966 2027 1052 2068 ego
1094 2015 1274 2065 possedi.
1340 2015 1514 2054 Addens
1555 2016 1632 2053 hiis
1676 2015 1861 2052 omnibus
1902 2017 2022 2052 totam

181 2083 428 2131 eqnarieiam
463 2094 588 2120 meam
625 2084 929 2136 qvinquaginta
971 2088 1011 2121 et
1050 2088 1142 2121 octo
1185 2095 1317 2134 equas
1360 2088 1438 2122 tam
1480 2085 1518 2121 in
1562 2083 1779 2121 iuuenibus
1825 2092 1942 2132 quam
1983 2081 2022 2119 in

181 2151 349 2188 senibus
392 2153 680 2190 continentem.
715 2152 876 2202 absque
910 2153 1014 2190 omni
1048 2152 1249 2190 diuisione
1282 2152 1348 2189 uel
1391 2152 1653 2189 diminutione
1695 2151 1877 2189 claustro
1917 2150 2024 2188 inte-

181 2218 357 2269 graliter
390 2219 703 2269 assignandam.
746 2220 928 2258 Nemore
956 2220 1085 2257 eciam
1120 2230 1207 2258 meo
1241 2224 1338 2270 aput
1365 2219 1526 2258 Bra-z-la
1562 2219 1667 2269 quod
1703 2219 1755 2257 de
1785 2217 2022 2268 patrimonio

182 2296 242 2322 me
291 2288 506 2339 contingit.
557 2288 688 2326 eidem
736 2289 911 2326 cenobio
956 2289 1178 2341 assignato
1220 2288 1273 2326 ad
1313 2288 1535 2326 ecclesiam
1578 2287 1676 2325 inibi
1718 2285 2022 2325 exstruendam.

185 2352 237 2389 Vt
271 2354 398 2404 igitur
435 2355 552 2393 liuius
585 2357 817 2394 testamenti
851 2357 927 2394 mei
961 2356 1196 2394 constitutio
1224 2355 1459 2394 omnimodis
1491 2355 1586 2393 dicti
1615 2355 1778 2393 cenobii
1808 2365 1896 2392 mee
1929 2351 2022 2391 fun-

184 2418 357 2456 dationis
401 2419 595 2459 sratribus
642 2422 751 2461 firma
802 2428 1043 2473 permaneat
1085 2428 1125 2461 et
1173 2423 1305 2461 illesa.
1351 2430 1587 2472 presentem
1636 2422 1822 2460 cedulam
1871 2419 2022 2463 exinde

184 2487 389 2523 conscribi
430 2494 469 2524 et
511 2490 583 2525 mei
618 2494 656 2528 et
691 2489 856 2529 fratrum
901 2503 1078 2529 meorum
1120 2491 1318 2529 Zmilonis
1361 2494 1401 2528 et
1444 2489 1628 2530 Cononis
1671 2490 1900 2541 sigillorum
1942 2485 2019 2525 feci

183 2553 392 2589 munimine
420 2554 616 2593 roborari.
649 2559 904 2597 constituens
931 2558 1096 2597 eosdem
1133 2556 1283 2596 l'ratres
1313 2569 1424 2596 meos
1458 2558 1548 2596 loco
1573 2559 1648 2596 mei
1674 2556 1833 2607 prefate
1873 2554 2021 2593 sunda-

2143 1321 2146 1355 l

2142 1363 2145 1397 l

2142 1405 2145 1432 1
