2155 2928
948 167 1046 209 16?

77 310 309 363 molestare7
342 309 392 348 ad
427 310 544 349 cuius
569 309 815 349 euidentiam
847 312 1081 361 presentem
1111 309 1294 348 chartam
1326 308 1457 362 sigilli
1490 309 1620 347 nostri
1654 311 1911 359 appensione

76 379 304 433 signamus.
368 378 516 417 Datum
548 379 588 416 in
621 378 769 432 Praga
802 379 908 417 sicut
939 389 1064 429 supra
1103 377 1250 416 dictum
1283 380 1348 416 est
1379 388 1488 416 anno
1521 377 1669 416 domini
1701 378 1910 418 millesimo

76 446 356 486 ducentesimo
390 447 734 499 quinquagesimo
767 447 900 486 tertio.

381 522 644 564 Bienenberg
665 541 708 546 —-
730 522 963 554 Analekten
986 531 1061 564 pag.
1084 518 1148 554 26.

919 668 1073 710 CXCI.

76 761 227 814 Gnido,
253 763 484 803 cardinalis
509 765 548 801 et
568 764 740 813 qualus,
763 763 968 814 fratribus·
998 762 1370 801 praedicatorum·
1398 762 1605 803 olomucii
1627 763 1910 813 indvzlyentias

394 832 608 881 (domum.
674 831 742 869 m.
776 830 941 881 Leodii,
975 831 1104 870 XIII.
1139 831 1240 870 Kal.
1273 831 1396 880 Julii,
1438 830 1585 870 1253.

217 900 389 960 Frater
422 919 555 959 Guido
589 920 853 958 miseratione
887 920 1022 958 diuina
1050 919 1150 958 tituli
1185 923 1329 958 sancte
1353 919 1511 960 Sabine
1545 920 1766 970 presbyter
1800 918 1911 960 Car-

76 986 222 1026 dinalis
255 987 481 1037 apostolice
514 987 629 1025 sedis
662 987 846 1040 legatus.
911 988 1086 1026 Dilectis
1119 989 1160 1026 in
1194 986 1362 1027 Christo
1396 1016 1406 1026 .
1440 1016 1450 1026 .
1483 988 1608 1037 priori
1642 992 1682 1026 et
1715 986 1910 1027 fratribus

75 1054 229 1093 ordinis
261 1054 561 1104 predicatorum
597 1054 836 1094 olomucen.
869 1056 1040 1093 salutem
1074 1056 1114 1094 in
1146 1055 1317 1094 domino.
1366 1056 1488 1094 Licet
1521 1056 1554 1094 is
1588 1055 1639 1093 de
1673 1057 1789 1094 cuius
1822 1068 1911 1094 mu-

74 1133 175 1161 nere
207 1123 320 1161 uenit
351 1125 394 1161 ut
426 1123 503 1161 sibi
546 1135 570 1161 a
603 1121 789 1161 fidelibus
829 1124 915 1161 suis
949 1123 1080 1176 digne
1120 1135 1170 1161 ac
1203 1124 1465 1161 laudabiliter
1497 1124 1706 1162 seruiatur
1746 1123 1797 1162 de
1831 1123 1909 1162 ha-

74 1190 296 1230 bundantia
330 1191 494 1241 pietatis
533 1201 622 1244 sue,
656 1201 735 1241 que
776 1192 915 1230 merita
949 1191 1174 1241 supplicum
1217 1192 1385 1230 excedit
1423 1196 1533 1243 uota7
1567 1191 1675 1229 bene
1716 1192 1910 1230 seruien-

74 1258 182 1297 tibus
222 1259 341 1297 multo
389 1260 543 1298 maiora
592 1259 808 1310 retribuat„
851 1270 968 1309 quam
1013 1260 1182 1298 ualeant
1220 1261 1458 1310 promereri.
1523 1260 1726 1298 Volentes
1774 1263 1911 1298 tamen

75 1325 355 1365 nichilominus
389 1327 574 1377 populum
609 1326 767 1365 domino
802 1327 980 1365 reddere
1014 1328 1309 1378 acceptabilem
1345 1327 1486 1366 fidelos
1522 1326 1678 1367 Christi
1711 1327 1763 1366 ad
1796 1339 1910 1366 com-

75 1394 312 1445 placendum
346 1395 383 1433 ei
418 1395 656 1445 quibusdam
692 1396 880 1433 illectiuis
914 1396 1163 1447 muneribus7
1191 1396 1461 1449 indulgentiis
1495 1396 1656 1434 scilicet
1689 1400 1729 1433 et
1762 1396 1910 1433 remis-

75 1462 257 1501 sionibus
290 1463 520 1515 inuitamus7
553 1467 596 1501 ut
628 1463 780 1501 exinde
816 1463 1042 1502 reddantur
1075 1463 1211 1502 diuine
1244 1464 1385 1516 gratie
1419 1465 1614 1513 aptioreS.
1679 1460 1909 1513 Cupientes

75 1531 215 1583 igitur,
248 1539 290 1569 ut
322 1531 503 1569 ecclesia
536 1534 679 1569 uestra
715 1532 919 1584 congruis
952 1531 1177 1570 honoribus
1218 1530 1502 1582 frequentetur
1534 1531 1718 1569 omnibus
1752 1528 1909 1571 Christi

75 1596 257 1637 fidelibus
300 1610 401 1638 uere
441 1599 718 1648 penitentibus
759 1604 800 1638 et
840 1597 1061 1651 confessis7
1104 1601 1170 1649 qui
1211 1599 1263 1637 ad
1305 1599 1525 1637 ecclesiam
1565 1599 1695 1649 ipsam
1728 1599 1768 1637 in
1800 1596 1908 1637 sesto

74 1666 181 1705 beati
224 1667 336 1705 Petri
378 1667 568 1716 martyris
608 1677 657 1704 ac
700 1678 775 1717 per
820 1672 992 1706 octauas
1032 1668 1161 1717 ipsius
1208 1679 1337 1706 causa
1378 1667 1608 1705 deuotionis
1648 1667 1910 1706 accesserint

75 1735 275 1773 annuatim
301 1735 531 1787 sexaginta
560 1734 650 1772 dies
678 1734 728 1772 de
756 1735 934 1773 iniuncta
961 1735 1038 1772 sibi
1064 1735 1286 1784 penitentia
1312 1734 1635 1773 misericorditer
1658 1734 1907 1774 relaxamus.

76 1801 221 1840 Datum
263 1802 409 1840 Leodii
449 1802 570 1840 XIII.
610 1802 704 1840 Kal.
743 1802 855 1854 Iulii3
896 1801 1154 1852 pontificatus
1195 1802 1341 1841 domini
1389 1803 1619 1841 Innocentii
1661 1813 1770 1853 pape
1808 1803 1907 1841 1111.

75 1880 180 1908 anno
214 1869 383 1909 decimo.

379 1946 433 1978 Ex
456 1945 651 1987 originali
675 1944 860 1987 ejusdem
882 1948 1124 1978 monasterii
1148 1956 1218 1978 cum
1242 1948 1348 1989 sigillo
1372 1949 1508 1989 integro.

900 2091 1074 2134 CXCII.

72 2185 340 2224 Innocentius
369 2198 480 2237 papa
510 2185 585 2225 IV.
616 2197 754 2235 reyem
777 2186 979 2225 Boiimz'ae
1009 2186 1209 2239 hortatur,
1242 2191 1286 2226 ut
1308 2187 1365 2226 ad
1392 2201 1538 2239 pacem
1569 2191 1608 2227 et
1637 2188 1904 2229 concordiam

169 2253 313 2292 redeat
342 2265 434 2292 cum
465 2266 564 2303 reqe
595 2255 857 2303 Hamymiaa
920 2256 992 2294 Dc.
1024 2256 1216 2307 Assissit‘,
1250 2256 1459 2295 Kalendis
1492 2257 1616 2307 dcclii,
1656 2256 1806 2297 1253.

243 2323 518 2382 Innocentius
552 2345 772 2393 episcopus
810 2355 960 2382 seruus
993 2355 1206 2384 seruorum
1247 2346 1326 2385 dei.
1388 2346 1541 2385 Illustri
1581 2347 1671 2386 viro
1711 2376 1721 2386 .
1763 2376 1773 2386 .
1811 2348 1904 2398 reqz·

71 2409 244 2448 Boemz‘e
275 2410 446 2448 salutem
479 2415 520 2449 et
552 2411 817 2460 apostolicam
857 2412 1196 2452 benedictionem.
1258 2414 1306 2454 Si
1339 2414 1656 2454 considerarent
1687 2418 1731 2454 ut
1764 2426 1901 2465 expe-

73 2476 179 2516 diret
211 2488 458 2530 guerrarum
498 2479 730 2517 discrimina
771 2480 1022 2534 dimicantes,
1063 2494 1150 2520 cum
1191 2481 1284 2520 hinc
1324 2482 1419 2521 inde
1460 2484 1533 2522 vix
1580 2486 1650 2522 aut
1688 2494 1902 2534 numquam

74 2546 151 2584 nisi
183 2547 404 2585 animarum
437 2547 632 2600 pericula,
665 2548 829 2586 excidia
864 2559 1130 2598 personarum
1163 2553 1205 2588 et
1236 2561 1370 2589 rerum
1403 2550 1546 2590 damna
1579 2555 1807 2605 reportent,
1847 2551 1900 2590 ab
