2155 2928
1099 191 1206 232 248

229 339 512 380 olomucensis
543 336 741 388 Episcopi
775 334 965 375 iussimus
998 331 1246 371 communiri.
1307 331 1457 370 Actum
1489 331 1529 370 in
1561 330 1678 370 Plaz.
1728 330 1829 371 {dvs
1862 330 2068 374 Octobris.

228 409 351 448 Anno
385 408 529 446 domini
564 406 784 445 Millesimo
819 400 906 442 CC.
940 401 1076 439 Lvll.
1109 399 1339 438 Indictione
1370 399 1471 438 XV.
1504 399 1779 438 Presentibus
1811 398 1890 438 11118
1922 400 2065 440 Τ9811-

227 474 306 514 bus
340 474 571 514 venerabili
605 473 764 512 domino
797 471 994 508 Brvnone
1028 466 1292 506 olomucensi
1326 467 1549 517 Episcopo.
1582 467 1749 506 Abbate
1782 467 1983 506 Heinrico
2015 468 2066 509 de

228 543 344 583 Plaz.
386 542 615 581 xvilhelmo
658 544 699 578 et
731 537 916 577 Arnoldo
957 535 1250 586 protonotariis
1290 535 1458 573 nostris.
1501 534 1638 574 Geros
1676 535 1921 589 Bvrgrauio
1961 536 2068 576 Pra-

229 611 369 664 gensi.
409 610 582 649 Andrea
620 604 821 656 dapifero.
859 604 1060 642 Heinrico
1103 602 1156 641 de
1197 600 1411 656 Cekking.
1458 603 1660 641 Heinrico
1703 603 1755 642 de
1795 603 2068 644 Lihtenstein.

229 678 458 717 XVillielmo
498 677 549 715 de
582 676 831 724 Hvztopetz.
871 671 1125 710 Pardvzone
1167 674 1208 710 et
1241 671 1465 710 Zvdomiro
1505 669 1636 709 sratre
1669 682 1758 710 suo.
1799 671 1986 711 Iohanne
2017 671 2068 712 de

228 746 520 785 Wissenowe.
565 742 771 781 Hadmaro
819 739 871 778 de
916 738 1202 778 Lihtenwerd.
1251 737 1429 779 Cvnone
1480 743 1522 779 et
1569 739 1758 779 Zmilone
1805 737 1936 778 fratre
1980 750 2069 781 8110.

228 813 373 852 Vlrico
407 813 458 852 de
492 810 647 852 Costel.
710 810 765 848 Et
797 808 889 846 aliis
922 818 1041 858 quam
1075 807 1269 858 plurimis·

530 900 584 931 Ex
608 897 803 940 originali
826 906 898 928 cum
921 895 1047 928 duobus
1071 896 1188 938 sigillis
1211 896 1336 928 illaesis
1358 897 1391 928 in
1414 896 1505 929 arch.
1528 898 1664 929 monast.
1688 895 2047 929 Welehradensis.

1048 1026 1244 1069 CCle.

222 1123 334 1165 smil
363 1123 414 1162 de
443 1121 732 1173 Lichlenburq
765 1121 950 1161 decimas
982 1134 1040 1160 eJ:
1071 1122 1394 1175 arqenlifodinz's
1433 1123 1478 1162 in
1509 1121 1645 1173 Brod,
1678 1122 1808 1174 Be'la,
1841 1104 2069 1174 S'lapnnice

222 1195 259 1230 et
281 1192 526 1231 Primi-§law
559 1192 664 1230 inter
698 1191 779 1229 tria
809 1191 1085 1229 monasteria:
1126 1190 1393 1242 Sedlecense,
1424 1190 1613 1232 Sarense
1637 1194 1676 1230 el
1703 1190 1993 1230 Hradis't'ense
2025 1191 2068 1230 in

483 1260 662 1298 Βοέηιίιι
687 1258 845 1298 dividit.
880 1260 952 1298 Dt.
985 1259 1029 1297 in
1061 1257 1229 1311 Sedlec,
1270 1260 1315 1299 Γ.
1347 1259 1608 1311 Novembris,
1649 1258 1800 1300 1257.

353 1333 598 1393 Vniuersis
632 1352 777 1391 christi
810 1350 1011 1391 fidelibus.
1043 1356 1122 1392 tam
1157 1353 1338 1404 posteris
1372 1364 1492 1404 qvam
1527 1353 1805 1404 presentibus.
1851 1352 1982 1392 Zmilo
2014 1352 2065 1392 de

220 1421 544 1474 Lichtenburch,
578 1425 800 1471 presentes
833 1421 994 1460 litteras
1026 1426 1227 1472 perpetua
1264 1422 1478 1460 valituras.
1529 1422 1633 1460 Dum
1659 1422 1764 1460 vivit
1794 1421 1931 1460 littera
1964 1421 2066 1461 vivit

221 1493 261 1528 et
284 1491 390 1528 actio
425 1491 639 1528 commissa
675 1490 825 1528 littere.
858 1501 939 1528 nec
972 1488 1108 1529 aufert
1140 1490 1292 1528 actioni
1326 1490 1448 1529 vitam
1476 1490 1640 1529 obliuio.
1675 1491 1792 1541 cujus
1824 1490 2066 1528 memoriam.

219 1568 398 1608 presens
431 1558 568 1596 littera
600 1558 762 1597 reducit
794 1558 846 1597 ad
881 1559 1018 1597 vitam.
1072 1559 1195 1597 Hanc
1229 1559 1280 1597 ob
1314 1569 1400 1597 rem
1432 1563 1567 1598 notum
1602 1569 1701 1598 esse
1744 1558 1932 1598 volumus
1972 1558 2066 1597 vni-

219 1626 354 1663 uersis
387 1627 595 1676 presentis
630 1627 789 1679 pagine
822 1627 972 1665 seriem
1007 1627 1271 1677 inspecturis.
1306 1627 1411 1678 quod
1447 1638 1530 1683 nos,
1556 1628 1664 1666 inter
1688 1627 1852 1681 gradus
1885 1626 2067 1666 ordinum

221 1692 541 1733 cisterciensem
574 1694 756 1733 ordinem
789 1695 962 1744 speciali
995 1693 1154 1734 fauoris
1188 1696 1332 1734 1111111111
1365 1699 1685 1746 proseqventes.
1726 1699 1896 1746 propter
1928 1706 2066 1746 puram

219 1765 260 1800 et
285 1763 514 1801 continvam
543 1762 674 1802 Officii
701 1763 827 1802 divini
854 1763 1251 1814 contemplationem.
1276 1766 1356 1802 tum
1385 1767 1553 1814 propter
1577 1774 1720 1802 veram
1744 1764 1874 1814 ipsius
1900 1762 2065 1803 Ordinis

219 1828 547 1884 observanciam⁷
582 1836 661 1869 tum
696 1832 747 1870 ob
781 1832 1062 1870 reverentiam
1097 1843 1264 1882 operum
1297 1832 1499 1870 caritatis.
1535 1831 1731 1871 videlicet
1763 1831 2064 1883 hospitalitatis.

217 1898 414 1947 precipue
460 1901 501 1936 et
544 1909 647 1937 11919
695 1901 995 1950 compassionis
1037 1911 1148 1953 erga
1188 1901 1412 1950 proximos.
1457 1910 1537 1951 que
1579 1901 1619 1938 in
1662 1899 1805 1939 eodem
1849 1899 1995 1939 ordine
2040 1910 2066 1938 a

217 1963 383 2003 Pau-um
426 1966 555 2015 ipsius
597 1968 921 2006 institutionibus
962 1980 1044 2007 non
1085 1969 1316 2019 quiescunt.
1358 1968 1640 2007 Attendentes
1679 1969 1800 2007 etiam
1840 1968 2064 2007 consultum

218 2037 341 2082 atquc
384 2040 542 2073 cautum
583 2046 702 2088 esse,
752 2037 791 2075 111
839 2037 917 2075 1139
964 2037 1050 2075 uita
1096 2037 1337 2075 transitoria
1382 2040 1534 2076 tantum
1582 2037 1808 2086 penitentie
1856 2036 2063 2086 deputata.

216 2111 353 2139 curam
387 2113 546 2155 gerere
579 2104 631 2142 de
665 2103 812 2143 sutura.
840 2105 1022 2143 decimas
1047 2105 1219 2143 omnium
1251 2104 1479 2144 reddituum
1506 2109 1547 2143 et
1575 2108 1856 2155 prouentuum.
1885 2114 1988 2155 quos
2012 2103 2064 2142 de

217 2171 384 2220 argenti
419 2169 568 2210 fodinis
603 2173 641 2211 in
675 2173 834 2212 Brode.
867 2174 1006 2212 Biela.
1040 2173 1289 2224 Zlappam's.
1323 2177 1365 2212 et
1396 2173 1726 2212 Priemez-Iaves.
1773 2173 1896 2211 Immo
1936 2172 2063 2211 eciam

217 2236 450 2289 Vbicunque
484 2251 558 2289 per
591 2252 731 2279 omnes
766 2245 907 2292 partes
941 2241 1187 2281 hereditatis
1220 2244 1363 2281 nostre
1403 2241 1565 2280 cultura
1607 2241 1799 2280 montivm
1829 2238 1954 2279 fuerit
1993 2250 2062 2279 re-

217 2305 398 2357 cipimus,
432 2308 498 2346 vel
532 2308 714 2348 heredes
749 2311 876 2348 nostri
910 2311 1151 2360 receperint
1183 2311 1223 2348 in
1256 2307 1446 2362 futurum⁷
1479 2321 1569 2348 cum
1603 2320 1784 2348 assensu
1824 2307 1891 2347 filii
1931 2306 2058 2353 nostri

218 2371 415 2411 lleinrici.
450 2379 490 2413 et
525 2374 663 2414 fratris
699 2378 828 2415 nostri
862 2377 1105 2417 'Pzastezlai
1140 2378 1272 2417 ordini
1307 2376 1468 2428 prefato
1510 2377 1548 2416 in
1589 2377 1867 2427 elemosynam
1899 2386 2060 2429 eroga-

218 2449 315 2477 111118.
349 2442 622 2494 assignantes
655 2446 823 2483 terciam
866 2450 1024 2496 partem
1064 2446 1288 2485 earundem
1329 2446 1577 2485 decimarum
1618 2444 1854 2486 Conventui
1895 2442 2060 2483 et-fra-

218 2505 346 2544 tribus
380 2509 430 2546 de
464 2510 673 2549 Seeclelilz
705 2514 873 2551 terciam
907 2517 1062 2564 partem
1097 2516 1136 2553 in
1171 2514 1357 2555 Gredisla
1389 2518 1431 2553 et
1465 2513 1670 2553 residuam
1702 2514 1874 2552 terciam
1907 2515 2059 2564 partem

219 2572 258 2609 in
300 2574 427 2617 Sara,
470 2582 513 2614 vt
556 2579 682 2628 ipsam
723 2580 775 2619 de
820 2593 938 2620 11131111
985 2586 1128 2622 1108113
1169 2582 1348 2634 quandiu
1393 2583 1632 2621 vixerimus.
1673 2585 1715 2621 et
1761 2581 1814 2620 ab
1863 2580 2056 2620 heredum
