2155 2928
1106 119 1176 160 38

218 262 522 304 confirmamus.
583 263 789 302 Preterea
829 261 1058 313 statuimus,
1096 262 1139 299 ut
1178 258 1334 308 dom0S,
1372 256 1532 310 hortos7
1575 257 1723 296 vineas
1755 258 1798 296 et
1828 256 2060 298 molendina

217 337 361 384 stupas
394 331 611 372 balneales
645 334 687 369 et
719 339 964 380 quecunque
995 328 1105 366 bona
1143 326 1250 364 idem
1282 325 1453 363 Vlricus
1487 322 1608 364 Celle
1639 336 1674 363 s.
1706 324 1846 364 Marie
1879 325 2061 378 virginis
2122 343 2123 346 =

218 401 362 441 obtulit
393 401 435 439 in
467 399 637 438 ciuitate
664 399 819 451 Bruna,
852 398 943 435 siue
976 396 1091 434 circa
1123 394 1346 445 ciuitatem,
1372 392 1507 431 nullus
1542 392 1593 431 de
1627 392 1820 443 personis
1853 392 2062 432 ecclesia-

218 470 350 522 sucis,
382 468 453 508 vel
484 466 699 506 mundanis
733 466 772 503 in
805 462 1146 515 possessionibus
1186 461 1416 511 prenotatis
1449 460 1700 511 requirendo
1742 460 1938 513 decimas,
1971 461 2062 500 siue

219 538 479 589 exactiones,
512 536 603 573 siue
635 533 839 584 tributum,
872 542 947 570 seu
981 530 1063 568 alia
1104 529 1278 567 seruitia
1309 527 1523 578 predictas
1557 528 1744 567 dominas
1777 528 1930 567 audeat
1963 539 2063 578 per-

218 604 403 657 turbare,
437 604 544 642 sicut
575 602 617 640 in
655 599 820 639 Poorliz
852 598 957 637 duos
995 597 1156 649 laneos,
1189 599 1231 635 et
1271 596 1375 635 duos
1408 596 1449 634 in
1480 595 1638 649 Menis7
1680 607 1784 647 quos
1823 595 2064 646 sepedictus

219 671 391 711 Vlricus
423 682 448 709 a
471 668 602 708 fratre
629 671 768 706 nostro
793 666 908 704 clare
939 665 1134 703 memorie
1160 664 1412 704 Marchione
1444 663 1640 703 Morauie
1666 661 1837 714 pacifice
1862 667 1904 703 et
1927 663 2064 715 quiete

219 739 421 791 possedit,
454 738 617 776 vineam
641 745 802 785 quoque
834 734 875 771 in
900 732 1100 772 Puzrams
1133 735 1176 771 et
1197 731 1301 771 duos
1332 731 1480 771 laneos
1512 732 1554 771 in
1578 731 1755 770 Thelniz
1787 731 1878 770 loco
1912 743 2065 782 supra-

221 807 331 846 dicto
371 805 424 845 ad
455 804 797 844 sustentationem
837 812 1121 854 personarum7
1155 810 1236 851 que
1277 799 1437 838 domino
1471 799 1549 838 deo
1583 803 1679 839 sunt
1711 799 1860 838 ibidem
1890 797 2064 838 famula-

220 878 326 927 ture,
365 875 454 912 iure
494 871 699 922 perhenni
740 867 1024 908 confirmamus
1063 867 1355 919 possidendos.
1417 867 1613 907 Presenti
1652 867 1937 906 nichilominus
1974 870 2078 918 sta--

218 945 386 981 tuentes
418 940 568 992 edicto,
601 949 654 977 ne
683 938 774 989 quis
806 937 1007 975 heredum
1030 939 1101 975 aut
1133 946 1426 975 successorum
1458 936 1730 986 prenominati
1756 935 1891 974 Vin-ici
1922 939 2067 975 nostre

220 1009 488 1048 donacionem
521 1006 781 1046 excellencie
807 1004 960 1044 audeat
992 1006 1172 1058 irrItare⁷
1195 1007 1265 1044 aut
1297 1005 1338 1043 in
1369 1005 1499 1055 ipsius
1528 1004 1796 1054 preiudicium
1828 1007 1871 1043 et
1901 1014 2067 1057 graua-

219 1088 312 1116 men
345 1076 396 1115 de
428 1076 519 1126 ipsa
552 1074 772 1126 quidquam
804 1073 946 1112 valeat
976 1073 1193 1126 inmutare7
1225 1071 1304 1111 sed
1335 1083 1501 1122 semper
1534 1072 1664 1122 ipsam
1696 1076 1826 1111 ratam
1859 1075 1900 1110 et
1931 1071 2068 1111 inuio-

221 1144 383 1183 labilem
416 1146 642 1182 conseruet
673 1153 750 1192 per
782 1142 929 1194 omnia,
961 1144 1006 1180 ut
1038 1144 1104 1180 est
1134 1141 1295 1179 iustum.
1350 1141 1461 1180 Hinc
1494 1141 1616 1179 etiam
1649 1143 1726 1193 est,
1760 1139 1869 1190 quod
1901 1140 1995 1190 paci
2027 1143 2069 1180 et

223 1211 507 1263 tranquillitati
545 1210 719 1249 claustri
751 1210 830 1248 iam
862 1220 966 1259 sepe
999 1207 1097 1248 dicti
1138 1210 1265 1262 regia
1298 1208 1574 1247 sollicitudine
1608 1207 1831 1258 prouidere
1862 1208 2069 1262 uolentes,

222 1291 362 1319 omnes
395 1279 613 1318 libertates
646 1290 671 1317 a
695 1277 1072 1329 predecessoribus
1104 1278 1259 1316 nostris
1283 1288 1360 1316 seu
1392 1288 1415 1315 a
1440 1276 1561 1315 nobis
1594 1277 1749 1315 ceteris
1776 1275 2069 1315 claustralibus

221 1348 262 1386 in
302 1358 441 1401 regno
482 1349 625 1385 nostro
667 1356 916 1399 concessas⁷
962 1345 1202 1395 supradicto
1240 1345 1334 1384 loco
1381 1342 1668 1384 fauorabiliter
1706 1342 1989 1383 confirmamus
2028 1346 2071 1384 et

224 1416 432 1466 presentis
464 1414 609 1464 scripti
633 1414 860 1467 priuilegio
893 1413 1195 1452 commuuimus.
1242 1412 1519 1451 Decreuimus
1544 1413 1680 1465 etiam,
1711 1416 1756 1451 ut
1786 1412 1885 1451 nulli
1909 1412 2069 1451 omnino

224 1483 427 1522 hominum
460 1481 660 1533 prefatam
692 1482 916 1521 ecclesiam
941 1484 1011 1520 aut
1043 1481 1132 1520 eius
1166 1481 1461 1531 possessiones
1494 1480 1620 1520 liceat
1651 1480 1902 1531 quibuslibet
1932 1491 2070 1519 uexa-

225 1551 404 1589 tionibus
437 1548 636 1603 fatigare⁷
669 1549 747 1589 sed
787 1549 920 1588 omnia
952 1550 1125 1603 integra
1163 1552 1206 1588 et
1237 1548 1599 1588 irretractabiliter
1631 1551 1948 1587 conseruentur.
2010 1547 2068 1590 Ut

226 1623 360 1657 autem
391 1617 513 1657 huius
537 1622 681 1656 nostre
714 1617 1018 1656 constitutionis
1045 1618 1204 1670 pagina
1237 1620 1329 1656 rata
1357 1620 1399 1656 et
1430 1617 1674 1656 inconuulsa
1699 1628 1807 1655 nunc
1833 1618 2073 1666 permaneat

228 1690 270 1725 et
302 1687 342 1725 in
375 1697 508 1739 euum7
541 1687 671 1736 ipsam
704 1686 835 1724 nostri
868 1686 1002 1739 sigilli
1033 1686 1248 1724 munimine
1281 1685 1473 1723 iussimus
1506 1685 1716 1738 insigniri.
1764 1684 1811 1725 Si
1845 1685 1936 1735 quis
1969 1694 2072 1724 vero

227 1757 373 1794 contra
405 1765 496 1793 eam
533 1757 691 1793 temere
723 1755 872 1793 venii-e
910 1754 1184 1806 temptauerit,
1225 1754 1327 1791 iram
1367 1755 1408 1792 et
1446 1752 1775 1806 indignationem
1814 1753 1908 1791 aule
1947 1752 2073 1804 regie

228 1833 277 1862 se
303 1823 465 1861 nouerit
491 1822 737 1875 incurrisse⁷
763 1825 805 1861 et
834 1822 868 1860 si
894 1825 1076 1860 nostram
1099 1822 1289 1874 graciam
1321 1825 1362 1859 et
1388 1824 1619 1859 nostrorum
1644 1831 1935 1859 successorum
1968 1819 2074 1859 idem

229 1901 317 1929 cum
360 1890 505 1929 decem
543 1891 694 1929 marcis
733 1901 814 1929 non
854 1889 1073 1942 inuenerit7
1121 1889 1271 1927 deinde
1310 1888 1589 1938 predictarum
1636 1886 1793 1928 Christi
1835 1887 2075 1927 ancillarum

230 1969 367 1997 rerum
400 1962 442 1997 et
473 1958 536 1997 sui
568 1958 738 1996 honoris
771 1961 918 1996 careat
950 1957 1168 2010 dignitate.
1215 1956 1370 1996 Testes
1403 1960 1551 2008 autem,
1585 1956 1626 1994 in
1658 1967 1828 2006 quorum
1860 1955 2074 2006 presentia

231 2026 310 2065 hec
349 2030 444 2065 acta
483 2029 592 2078 sunt7
632 2029 728 2064 sunt
768 2025 846 2064 hii:
888 2025 1078 2077 XVitego
1117 2024 1170 2063 de
1209 2036 1317 2063 nouo
1351 2029 1505 2063 castro.
1547 2024 1774 2062 Heinricus
1816 2023 1868 2062 de
1901 2023 2075 2063 Sitauia.

234 2093 377 2133 Gallus
411 2094 462 2133 de
495 2093 804 2133 Lewenberch.
832 2094 1001 2131 Bawor.
1034 2092 1287 2142 Ratymirus.
1313 2091 1524 2130 Andreas,
1557 2092 1797 2130 Ratiborius
1830 2091 1882 2130 de
1909 2091 2075 2131 Doblin.

236 2160 376 2202 Cirho.
410 2162 636 2201 Zastolaus
669 2159 801 2200 frater
833 2161 937 2200 eius.
969 2160 1116 2200 Milihz
1149 2159 1201 2199 de
1234 2159 1402 2199 Olomuc
1444 2162 1487 2198 et
1517 2159 1586 2198 alii
1619 2170 1739 2210 quam
1771 2159 1913 2210 plures
1945 2158 2077 2197 nostri

236 2229 431 2268 baroneS.
481 2230 664 2268 dominus
709 2228 1000 2267 Theodoricus
1039 2228 1170 2267 abbas
1221 2227 1273 2267 de
1312 2227 1481 2268 Straho.
1523 2227 1731 2266 Reinboto
1777 2230 1922 2266 nostre
1962 2228 2077 2266 curie

239 2298 435 2336 notarius.
498 2299 591 2337 Hec
630 2301 764 2336 autem
803 2300 900 2336 acta
941 2300 1038 2335 sunt
1075 2297 1116 2335 iu
1157 2296 1365 2349 Burgelin
1397 2307 1505 2334 anno
1545 2295 1746 2335 dominice
1778 2295 2076 2334 incarnationis

238 2362 462 2404 MCCXL.
501 2366 576 2404 IV.
616 2366 715 2404 XII.
753 2365 848 2404 Kal.
887 2365 1121 2419 Februarii,
1166 2365 1208 2404 in
1254 2364 1320 2403 die
1368 2365 1563 2403 cinerum.
1626 2363 1777 2402 Datum
1818 2374 1894 2414 per
1930 2373 2074 2403 manus

242 2430 516 2471 Reinbotonis
549 2437 692 2472 nostre
724 2434 840 2473 curie
873 2433 1036 2472 notarii.

550 2508 601 2540 Ex
626 2510 812 2550 originali
838 2511 868 2541 in
892 2509 1025 2541 archivo
1049 2519 1077 2541 c.
1100 2518 1126 2541 r.
1149 2509 1253 2540 aulico
1277 2507 1556 2539 vindobonae.
1579 2526 1622 2531 --
1645 2507 1794 2549 Sigillum
1818 2507 1976 2540 illaesum.
