<?xml version="1.0" encoding="UTF-8"?>
<!DOCTYPE html PUBLIC "-//W3C//DTD XHTML 1.0 Transitional//EN"
    "http://www.w3.org/TR/xhtml1/DTD/xhtml1-transitional.dtd">
<html xmlns="http://www.w3.org/1999/xhtml" xml:lang="en" lang="en">
 <head>
  <title>
</title>
<meta http-equiv="Content-Type" content="text/html;charset=utf-8" />
  <meta name='ocr-system' content='tesseract 3.04.00' />
  <meta name='ocr-capabilities' content='ocr_page ocr_carea ocr_par ocr_line ocrx_word'/>
</head>
<body>
  <div class='ocr_page' id='page_1' title='image "./codexdiplomaticu03morauoft/codexdiplomaticu03morauoft_0441.png"; bbox 0 0 2155 2928; ppageno 0'>
   <div class='ocr_carea' id='block_1_1' title="bbox 909 164 1014 207">
    <p class='ocr_par' dir='ltr' id='par_1_1' title="bbox 909 164 1014 207">
     <span class='ocr_line' id='line_1_1' title="bbox 909 164 1014 207; baseline 0 0"><span class='ocrx_word' id='word_1_1' title='bbox 909 164 1014 207; x_wconf 82' lang='lat'>359</span> 
     </span>
    </p>
   </div>
   <div class='ocr_carea' id='block_1_2' title="bbox 39 302 1880 2180">
    <p class='ocr_par' dir='ltr' id='par_1_2' title="bbox 39 302 1880 2180">
     <span class='ocr_line' id='line_1_2' title="bbox 39 302 1873 360; baseline 0.003 -15"><span class='ocrx_word' id='word_1_2' title='bbox 39 306 180 359; x_wconf 83' lang='lat' dir='ltr'>partes</span> <span class='ocrx_word' id='word_1_3' title='bbox 210 303 428 357; x_wconf 77' lang='lat' dir='ltr'>recipiunt⁷</span> <span class='ocrx_word' id='word_1_4' title='bbox 453 302 521 343; x_wconf 85' lang='lat' dir='ltr'>filii</span> <span class='ocrx_word' id='word_1_5' title='bbox 553 305 756 358; x_wconf 89' lang='lat' dir='ltr'>vitigonis</span> <span class='ocrx_word' id='word_1_6' title='bbox 779 317 868 345; x_wconf 91' lang='lat' dir='ltr'>cum</span> <span class='ocrx_word' id='word_1_7' title='bbox 903 306 1212 360; x_wconf 69' lang='lat' dir='ltr'>molendinario,</span> <span class='ocrx_word' id='word_1_8' title='bbox 1237 306 1341 346; x_wconf 83' lang='lat' dir='ltr'>duas</span> <span class='ocrx_word' id='word_1_9' title='bbox 1374 310 1517 357; x_wconf 89' lang='lat' dir='ltr'>partes</span> <span class='ocrx_word' id='word_1_10' title='bbox 1549 309 1696 359; x_wconf 77' lang='lat' dir='ltr'>recipit</span> <span class='ocrx_word' id='word_1_11' title='bbox 1727 310 1873 350; x_wconf 83' lang='lat' dir='ltr'>Theo-</span> 
     </span>
     <span class='ocr_line' id='line_1_3' title="bbox 41 369 1873 431; baseline 0.002 -18"><span class='ocrx_word' id='word_1_12' title='bbox 41 373 218 425; x_wconf 78' lang='lat' dir='ltr'>dericus⁷</span> <span class='ocrx_word' id='word_1_13' title='bbox 250 369 354 410; x_wconf 90' lang='lat' dir='ltr'>filius</span> <span class='ocrx_word' id='word_1_14' title='bbox 386 369 543 411; x_wconf 88' lang='lat' dir='ltr'>Sifridi.</span> <span class='ocrx_word' id='word_1_15' title='bbox 605 373 652 411; x_wconf 88' lang='lat' dir='ltr'>In</span> <span class='ocrx_word' id='word_1_16' title='bbox 694 373 819 423; x_wconf 73' lang='lat' dir='ltr'>Ionya</span> <span class='ocrx_word' id='word_1_17' title='bbox 850 375 954 413; x_wconf 81' lang='lat' dir='ltr'>uilla</span> <span class='ocrx_word' id='word_1_18' title='bbox 992 378 1087 413; x_wconf 91' lang='lat' dir='ltr'>sunt</span> <span class='ocrx_word' id='word_1_19' title='bbox 1118 377 1346 428; x_wconf 81' lang='lat' dir='ltr'>sexaginta</span> <span class='ocrx_word' id='word_1_20' title='bbox 1387 385 1466 413; x_wconf 86' lang='lat' dir='ltr'>sex</span> <span class='ocrx_word' id='word_1_21' title='bbox 1506 377 1656 428; x_wconf 81' lang='lat' dir='ltr'>mansi3</span> <span class='ocrx_word' id='word_1_22' title='bbox 1696 377 1747 415; x_wconf 91' lang='lat' dir='ltr'>de</span> <span class='ocrx_word' id='word_1_23' title='bbox 1780 378 1873 431; x_wconf 76' lang='lat' dir='ltr'>hiis,</span> 
     </span>
     <span class='ocr_line' id='line_1_4' title="bbox 39 437 1875 495; baseline 0.002 -15"><span class='ocrx_word' id='word_1_24' title='bbox 39 440 195 481; x_wconf 85' lang='lat' dir='ltr'>habere</span> <span class='ocrx_word' id='word_1_25' title='bbox 235 438 388 478; x_wconf 89' lang='lat' dir='ltr'>debent</span> <span class='ocrx_word' id='word_1_26' title='bbox 433 437 500 477; x_wconf 89' lang='lat' dir='ltr'>filii</span> <span class='ocrx_word' id='word_1_27' title='bbox 540 439 742 492; x_wconf 86' lang='lat' dir='ltr'>vitigonis</span> <span class='ocrx_word' id='word_1_28' title='bbox 781 451 870 479; x_wconf 85' lang='lat' dir='ltr'>cum</span> <span class='ocrx_word' id='word_1_29' title='bbox 911 443 998 480; x_wconf 86' lang='lat' dir='ltr'>suis</span> <span class='ocrx_word' id='word_1_30' title='bbox 1040 443 1181 481; x_wconf 86' lang='lat' dir='ltr'>amicis</span> <span class='ocrx_word' id='word_1_31' title='bbox 1224 441 1504 495; x_wconf 84' lang='lat' dir='ltr'>quadraginta</span> <span class='ocrx_word' id='word_1_32' title='bbox 1547 446 1588 481; x_wconf 90' lang='lat' dir='ltr'>et</span> <span class='ocrx_word' id='word_1_33' title='bbox 1625 455 1746 481; x_wconf 87' lang='lat' dir='ltr'>vnum</span> <span class='ocrx_word' id='word_1_34' title='bbox 1786 455 1875 483; x_wconf 89' lang='lat' dir='ltr'>cum</span> 
     </span>
     <span class='ocr_line' id='line_1_5' title="bbox 40 505 1876 561; baseline 0.001 -15"><span class='ocrx_word' id='word_1_35' title='bbox 40 505 276 559; x_wconf 84' lang='lat' dir='ltr'>quibusdam</span> <span class='ocrx_word' id='word_1_36' title='bbox 310 505 453 544; x_wconf 88' lang='lat' dir='ltr'>ortulis</span> <span class='ocrx_word' id='word_1_37' title='bbox 486 509 526 544; x_wconf 92' lang='lat' dir='ltr'>et</span> <span class='ocrx_word' id='word_1_38' title='bbox 559 507 717 559; x_wconf 75' lang='lat' dir='ltr'>insulis7</span> <span class='ocrx_word' id='word_1_39' title='bbox 752 511 792 546; x_wconf 91' lang='lat' dir='ltr'>et</span> <span class='ocrx_word' id='word_1_40' title='bbox 825 520 912 546; x_wconf 89' lang='lat' dir='ltr'>cum</span> <span class='ocrx_word' id='word_1_41' title='bbox 945 509 1093 547; x_wconf 89' lang='lat' dir='ltr'>iudicio</span> <span class='ocrx_word' id='word_1_42' title='bbox 1127 509 1309 547; x_wconf 90' lang='lat' dir='ltr'>eiusdem</span> <span class='ocrx_word' id='word_1_43' title='bbox 1343 509 1463 561; x_wconf 80' lang='lat' dir='ltr'>ville3</span> <span class='ocrx_word' id='word_1_44' title='bbox 1496 509 1604 559; x_wconf 88' lang='lat' dir='ltr'>quod</span> <span class='ocrx_word' id='word_1_45' title='bbox 1637 511 1876 559; x_wconf 79' lang='lat' dir='ltr'>specialiter</span> 
     </span>
     <span class='ocr_line' id='line_1_6' title="bbox 41 572 1875 629; baseline 0.001 -16"><span class='ocrx_word' id='word_1_46' title='bbox 41 574 216 626; x_wconf 84' lang='lat' dir='ltr'>pertinet</span> <span class='ocrx_word' id='word_1_47' title='bbox 239 572 461 625; x_wconf 81' lang='lat' dir='ltr'>Moyconi3</span> <span class='ocrx_word' id='word_1_48' title='bbox 494 573 649 612; x_wconf 89' lang='lat' dir='ltr'>residui</span> <span class='ocrx_word' id='word_1_49' title='bbox 675 575 802 612; x_wconf 89' lang='lat' dir='ltr'>mansi</span> <span class='ocrx_word' id='word_1_50' title='bbox 833 577 1037 624; x_wconf 87' lang='lat' dir='ltr'>pertinent</span> <span class='ocrx_word' id='word_1_51' title='bbox 1062 574 1139 614; x_wconf 90' lang='lat' dir='ltr'>filio</span> <span class='ocrx_word' id='word_1_52' title='bbox 1165 574 1306 615; x_wconf 87' lang='lat' dir='ltr'>Sifridi</span> <span class='ocrx_word' id='word_1_53' title='bbox 1333 576 1612 629; x_wconf 70' lang='lat' dir='ltr'>Theoderico7</span> <span class='ocrx_word' id='word_1_54' title='bbox 1637 578 1702 628; x_wconf 91' lang='lat' dir='ltr'>qui</span> <span class='ocrx_word' id='word_1_55' title='bbox 1730 577 1875 615; x_wconf 76' lang='lat' dir='ltr'>&#39;Pheo-</span> 
     </span>
     <span class='ocr_line' id='line_1_7' title="bbox 41 641 1876 698; baseline 0.001 -17"><span class='ocrx_word' id='word_1_56' title='bbox 41 641 216 694; x_wconf 68' lang='lat' dir='ltr'>dericus,</span> <span class='ocrx_word' id='word_1_57' title='bbox 248 641 346 680; x_wconf 89' lang='lat' dir='ltr'>licet</span> <span class='ocrx_word' id='word_1_58' title='bbox 368 641 409 679; x_wconf 91' lang='lat' dir='ltr'>in</span> <span class='ocrx_word' id='word_1_59' title='bbox 441 641 687 691; x_wconf 83' lang='lat' dir='ltr'>capitalibus</span> <span class='ocrx_word' id='word_1_60' title='bbox 718 643 858 680; x_wconf 87' lang='lat' dir='ltr'>causis</span> <span class='ocrx_word' id='word_1_61' title='bbox 891 643 1016 681; x_wconf 88' lang='lat' dir='ltr'>habet</span> <span class='ocrx_word' id='word_1_62' title='bbox 1042 645 1210 682; x_wconf 83' lang='lat' dir='ltr'>terciam</span> <span class='ocrx_word' id='word_1_63' title='bbox 1244 648 1398 694; x_wconf 89' lang='lat' dir='ltr'>partem</span> <span class='ocrx_word' id='word_1_64' title='bbox 1427 643 1478 682; x_wconf 93' lang='lat' dir='ltr'>de</span> <span class='ocrx_word' id='word_1_65' title='bbox 1513 648 1629 693; x_wconf 91' lang='lat' dir='ltr'>parte</span> <span class='ocrx_word' id='word_1_66' title='bbox 1656 645 1876 698; x_wconf 65' lang='lat' dir='ltr'>vitigonis,</span> 
     </span>
     <span class='ocr_line' id='line_1_8' title="bbox 39 708 1875 750; baseline 0.001 -1"><span class='ocrx_word' id='word_1_67' title='bbox 39 710 80 749; x_wconf 89' lang='lat' dir='ltr'>in</span> <span class='ocrx_word' id='word_1_68' title='bbox 109 708 329 749; x_wconf 89' lang='lat' dir='ltr'>Scolteciis</span> <span class='ocrx_word' id='word_1_69' title='bbox 361 712 497 747; x_wconf 87' lang='lat' dir='ltr'>tamen</span> <span class='ocrx_word' id='word_1_70' title='bbox 532 709 717 746; x_wconf 82' lang='lat' dir='ltr'>villarum</span> <span class='ocrx_word' id='word_1_71' title='bbox 751 709 920 748; x_wconf 83' lang='lat' dir='ltr'>aliarum</span> <span class='ocrx_word' id='word_1_72' title='bbox 954 711 992 748; x_wconf 91' lang='lat' dir='ltr'>in</span> <span class='ocrx_word' id='word_1_73' title='bbox 1026 711 1165 748; x_wconf 86' lang='lat' dir='ltr'>causis</span> <span class='ocrx_word' id='word_1_74' title='bbox 1198 711 1420 749; x_wconf 89' lang='lat' dir='ltr'>minoribus</span> <span class='ocrx_word' id='word_1_75' title='bbox 1446 711 1570 749; x_wconf 87' lang='lat' dir='ltr'>nichil</span> <span class='ocrx_word' id='word_1_76' title='bbox 1604 711 1728 750; x_wconf 84' lang='lat' dir='ltr'>habet</span> <span class='ocrx_word' id='word_1_77' title='bbox 1762 713 1875 750; x_wconf 89' lang='lat' dir='ltr'>iuris.</span> 
     </span>
     <span class='ocr_line' id='line_1_9' title="bbox 40 776 1878 829; baseline 0.001 -13"><span class='ocrx_word' id='word_1_78' title='bbox 40 777 86 817; x_wconf 88' lang='lat' dir='ltr'>In</span> <span class='ocrx_word' id='word_1_79' title='bbox 127 777 235 815; x_wconf 82' lang='lat' dir='ltr'>dicta</span> <span class='ocrx_word' id='word_1_80' title='bbox 279 776 375 815; x_wconf 83' lang='lat' dir='ltr'>villa</span> <span class='ocrx_word' id='word_1_81' title='bbox 417 780 512 815; x_wconf 88' lang='lat' dir='ltr'>sunt</span> <span class='ocrx_word' id='word_1_82' title='bbox 552 776 632 814; x_wconf 92' lang='lat' dir='ltr'>duo</span> <span class='ocrx_word' id='word_1_83' title='bbox 674 777 919 829; x_wconf 73' lang='lat' dir='ltr'>molendina,</span> <span class='ocrx_word' id='word_1_84' title='bbox 959 789 1126 828; x_wconf 90' lang='lat' dir='ltr'>quorum</span> <span class='ocrx_word' id='word_1_85' title='bbox 1167 778 1322 816; x_wconf 78' lang='lat' dir='ltr'>vtilitas</span> <span class='ocrx_word' id='word_1_86' title='bbox 1362 789 1437 828; x_wconf 92' lang='lat' dir='ltr'>per</span> <span class='ocrx_word' id='word_1_87' title='bbox 1475 779 1645 817; x_wconf 89' lang='lat' dir='ltr'>medium</span> <span class='ocrx_word' id='word_1_88' title='bbox 1686 779 1878 818; x_wconf 88' lang='lat' dir='ltr'>diuiditur</span> 
     </span>
     <span class='ocr_line' id='line_1_10' title="bbox 40 842 1876 897; baseline 0.001 -13"><span class='ocrx_word' id='word_1_89' title='bbox 40 845 146 884; x_wconf 88' lang='lat' dir='ltr'>inter</span> <span class='ocrx_word' id='word_1_90' title='bbox 177 842 294 882; x_wconf 85' lang='lat' dir='ltr'>filium</span> <span class='ocrx_word' id='word_1_91' title='bbox 326 842 469 884; x_wconf 85' lang='lat' dir='ltr'>Sifridi</span> <span class='ocrx_word' id='word_1_92' title='bbox 503 847 544 882; x_wconf 89' lang='lat' dir='ltr'>et</span> <span class='ocrx_word' id='word_1_93' title='bbox 577 842 679 881; x_wconf 87' lang='lat' dir='ltr'>filios</span> <span class='ocrx_word' id='word_1_94' title='bbox 713 845 926 897; x_wconf 79' lang='lat' dir='ltr'>vitigonis.</span> <span class='ocrx_word' id='word_1_95' title='bbox 990 846 1035 883; x_wconf 94' lang='lat' dir='ltr'>In</span> <span class='ocrx_word' id='word_1_96' title='bbox 1068 845 1170 883; x_wconf 75' lang='lat' dir='ltr'>uilla</span> <span class='ocrx_word' id='word_1_97' title='bbox 1202 846 1372 884; x_wconf 72' lang='lat' dir='ltr'>Nic-olai</span> <span class='ocrx_word' id='word_1_98' title='bbox 1404 846 1630 884; x_wconf 87' lang='lat' dir='ltr'>scoltetiam</span> <span class='ocrx_word' id='word_1_99' title='bbox 1663 858 1739 884; x_wconf 92' lang='lat' dir='ltr'>nos</span> <span class='ocrx_word' id='word_1_100' title='bbox 1773 858 1876 885; x_wconf 92' lang='lat' dir='ltr'>con-</span> 
     </span>
     <span class='ocr_line' id='line_1_11' title="bbox 40 909 1877 964; baseline 0.001 -13"><span class='ocrx_word' id='word_1_101' title='bbox 40 912 198 951; x_wconf 83' lang='lat' dir='ltr'>tulimus</span> <span class='ocrx_word' id='word_1_102' title='bbox 231 909 320 950; x_wconf 90' lang='lat' dir='ltr'>filiis</span> <span class='ocrx_word' id='word_1_103' title='bbox 353 912 558 964; x_wconf 83' lang='lat' dir='ltr'>vitigonis</span> <span class='ocrx_word' id='word_1_104' title='bbox 591 911 842 960; x_wconf 84' lang='lat' dir='ltr'>specialiter.</span> <span class='ocrx_word' id='word_1_105' title='bbox 906 913 1000 950; x_wconf 90' lang='lat' dir='ltr'>Alia</span> <span class='ocrx_word' id='word_1_106' title='bbox 1040 917 1172 950; x_wconf 87' lang='lat' dir='ltr'>autem</span> <span class='ocrx_word' id='word_1_107' title='bbox 1207 913 1358 951; x_wconf 83' lang='lat' dir='ltr'>vtilitas</span> <span class='ocrx_word' id='word_1_108' title='bbox 1398 914 1520 952; x_wconf 86' lang='lat' dir='ltr'>totius</span> <span class='ocrx_word' id='word_1_109' title='bbox 1554 914 1651 952; x_wconf 86' lang='lat' dir='ltr'>ville</span> <span class='ocrx_word' id='word_1_110' title='bbox 1685 914 1877 953; x_wconf 87' lang='lat' dir='ltr'>diuiditur</span> 
     </span>
     <span class='ocr_line' id='line_1_12' title="bbox 41 977 1875 1032; baseline 0.001 -14"><span class='ocrx_word' id='word_1_111' title='bbox 41 979 146 1019; x_wconf 89' lang='lat' dir='ltr'>inter</span> <span class='ocrx_word' id='word_1_112' title='bbox 184 977 286 1018; x_wconf 88' lang='lat' dir='ltr'>filios</span> <span class='ocrx_word' id='word_1_113' title='bbox 328 979 530 1032; x_wconf 87' lang='lat' dir='ltr'>vitigonis</span> <span class='ocrx_word' id='word_1_114' title='bbox 571 983 611 1018; x_wconf 91' lang='lat' dir='ltr'>et</span> <span class='ocrx_word' id='word_1_115' title='bbox 652 977 769 1017; x_wconf 86' lang='lat' dir='ltr'>filium</span> <span class='ocrx_word' id='word_1_116' title='bbox 809 977 951 1019; x_wconf 78' lang='lat' dir='ltr'>Sisi-idi</span> <span class='ocrx_word' id='word_1_117' title='bbox 993 991 1068 1029; x_wconf 90' lang='lat' dir='ltr'>per</span> <span class='ocrx_word' id='word_1_118' title='bbox 1109 980 1299 1031; x_wconf 72' lang='lat' dir='ltr'>medium3</span> <span class='ocrx_word' id='word_1_119' title='bbox 1339 981 1492 1019; x_wconf 85' lang='lat' dir='ltr'>vtilitas</span> <span class='ocrx_word' id='word_1_120' title='bbox 1533 982 1662 1019; x_wconf 87' lang='lat' dir='ltr'>eciam</span> <span class='ocrx_word' id='word_1_121' title='bbox 1704 982 1875 1020; x_wconf 90' lang='lat' dir='ltr'>omnium</span> 
     </span>
     <span class='ocr_line' id='line_1_13' title="bbox 41 1046 1877 1101; baseline 0.001 -16"><span class='ocrx_word' id='word_1_122' title='bbox 41 1046 208 1086; x_wconf 86' lang='lat' dir='ltr'>aliarum</span> <span class='ocrx_word' id='word_1_123' title='bbox 239 1047 424 1085; x_wconf 86' lang='lat' dir='ltr'>uillarum</span> <span class='ocrx_word' id='word_1_124' title='bbox 458 1048 497 1085; x_wconf 94' lang='lat' dir='ltr'>in</span> <span class='ocrx_word' id='word_1_125' title='bbox 530 1057 660 1084; x_wconf 88' lang='lat' dir='ltr'>censu</span> <span class='ocrx_word' id='word_1_126' title='bbox 694 1051 737 1085; x_wconf 91' lang='lat' dir='ltr'>et</span> <span class='ocrx_word' id='word_1_127' title='bbox 770 1046 926 1085; x_wconf 81' lang='lat' dir='ltr'>decima</span> <span class='ocrx_word' id='word_1_128' title='bbox 962 1048 1139 1097; x_wconf 85' lang='lat' dir='ltr'>pertinet</span> <span class='ocrx_word' id='word_1_129' title='bbox 1171 1059 1246 1097; x_wconf 92' lang='lat' dir='ltr'>per</span> <span class='ocrx_word' id='word_1_130' title='bbox 1278 1048 1448 1087; x_wconf 87' lang='lat' dir='ltr'>medium</span> <span class='ocrx_word' id='word_1_131' title='bbox 1475 1047 1565 1087; x_wconf 89' lang='lat' dir='ltr'>filiis</span> <span class='ocrx_word' id='word_1_132' title='bbox 1598 1049 1801 1101; x_wconf 81' lang='lat' dir='ltr'>vitigonis</span> <span class='ocrx_word' id='word_1_133' title='bbox 1835 1051 1877 1087; x_wconf 87' lang='lat' dir='ltr'>et</span> 
     </span>
     <span class='ocr_line' id='line_1_14' title="bbox 42 1112 1880 1168; baseline 0 -14"><span class='ocrx_word' id='word_1_134' title='bbox 42 1112 120 1154; x_wconf 85' lang='lat' dir='ltr'>filio</span> <span class='ocrx_word' id='word_1_135' title='bbox 150 1112 306 1168; x_wconf 72' lang='lat' dir='ltr'>Sifridi,</span> <span class='ocrx_word' id='word_1_136' title='bbox 339 1115 502 1153; x_wconf 84' lang='lat' dir='ltr'>scilicet</span> <span class='ocrx_word' id='word_1_137' title='bbox 542 1116 581 1153; x_wconf 90' lang='lat' dir='ltr'>in</span> <span class='ocrx_word' id='word_1_138' title='bbox 613 1115 717 1153; x_wconf 69' lang='lat' dir='ltr'>uilla</span> <span class='ocrx_word' id='word_1_139' title='bbox 752 1113 952 1164; x_wconf 66' lang='lat' dir='ltr'>emo-adet,</span> <span class='ocrx_word' id='word_1_140' title='bbox 995 1114 1174 1163; x_wconf 74' lang='lat' dir='ltr'>Andree,</span> <span class='ocrx_word' id='word_1_141' title='bbox 1208 1114 1500 1165; x_wconf 69' lang='lat' dir='ltr'>Scorossonis,</span> <span class='ocrx_word' id='word_1_142' title='bbox 1532 1115 1810 1154; x_wconf 77' lang='lat' dir='ltr'>Lichlenberc</span> <span class='ocrx_word' id='word_1_143' title='bbox 1841 1118 1880 1154; x_wconf 79' lang='lat' dir='ltr'>ec</span> 
     </span>
     <span class='ocr_line' id='line_1_15' title="bbox 42 1181 1877 1232; baseline 0 -11"><span class='ocrx_word' id='word_1_144' title='bbox 42 1181 242 1222; x_wconf 73' lang='lat' dir='ltr'>montibus</span> <span class='ocrx_word' id='word_1_145' title='bbox 274 1186 417 1221; x_wconf 81' lang='lat' dir='ltr'>contra</span> <span class='ocrx_word' id='word_1_146' title='bbox 452 1182 696 1222; x_wconf 78' lang='lat' dir='ltr'>Cuenmntel</span> <span class='ocrx_word' id='word_1_147' title='bbox 735 1184 773 1220; x_wconf 80' lang='lat' dir='ltr'>et</span> <span class='ocrx_word' id='word_1_148' title='bbox 808 1181 1037 1231; x_wconf 73' lang='lat' dir='ltr'>rrndenlal,</span> <span class='ocrx_word' id='word_1_149' title='bbox 1078 1182 1115 1219; x_wconf 94' lang='lat' dir='ltr'>in</span> <span class='ocrx_word' id='word_1_150' title='bbox 1150 1182 1295 1232; x_wconf 82' lang='lat' dir='ltr'>quibus</span> <span class='ocrx_word' id='word_1_151' title='bbox 1336 1182 1493 1231; x_wconf 86' lang='lat' dir='ltr'>plenam</span> <span class='ocrx_word' id='word_1_152' title='bbox 1535 1182 1718 1221; x_wconf 87' lang='lat' dir='ltr'>obtinent</span> <span class='ocrx_word' id='word_1_153' title='bbox 1750 1183 1877 1222; x_wconf 91' lang='lat' dir='ltr'>iuris-</span> 
     </span>
     <span class='ocr_line' id='line_1_16' title="bbox 45 1247 1876 1302; baseline -0.001 -12"><span class='ocrx_word' id='word_1_154' title='bbox 45 1249 273 1290; x_wconf 87' lang='lat' dir='ltr'>dictionem.</span> <span class='ocrx_word' id='word_1_155' title='bbox 320 1250 409 1289; x_wconf 92' lang='lat' dir='ltr'>Nos</span> <span class='ocrx_word' id='word_1_156' title='bbox 443 1251 572 1288; x_wconf 89' lang='lat' dir='ltr'>eciam</span> <span class='ocrx_word' id='word_1_157' title='bbox 607 1249 658 1288; x_wconf 90' lang='lat' dir='ltr'>de</span> <span class='ocrx_word' id='word_1_158' title='bbox 690 1249 860 1300; x_wconf 88' lang='lat' dir='ltr'>speciali</span> <span class='ocrx_word' id='word_1_159' title='bbox 894 1250 1042 1302; x_wconf 85' lang='lat' dir='ltr'>gracia</span> <span class='ocrx_word' id='word_1_160' title='bbox 1076 1248 1300 1287; x_wconf 77' lang='lat' dir='ltr'>addidimus</span> <span class='ocrx_word' id='word_1_161' title='bbox 1333 1247 1423 1287; x_wconf 90' lang='lat' dir='ltr'>filiis</span> <span class='ocrx_word' id='word_1_162' title='bbox 1456 1249 1658 1302; x_wconf 87' lang='lat' dir='ltr'>vitigonis</span> <span class='ocrx_word' id='word_1_163' title='bbox 1690 1249 1876 1288; x_wconf 86' lang='lat' dir='ltr'>aduoca-</span> 
     </span>
     <span class='ocr_line' id='line_1_17' title="bbox 44 1316 1877 1369; baseline 0 -13"><span class='ocrx_word' id='word_1_164' title='bbox 44 1317 146 1356; x_wconf 83' lang='lat' dir='ltr'>ciam</span> <span class='ocrx_word' id='word_1_165' title='bbox 177 1317 229 1356; x_wconf 88' lang='lat' dir='ltr'>de</span> <span class='ocrx_word' id='word_1_166' title='bbox 261 1318 356 1356; x_wconf 87' lang='lat' dir='ltr'>uilla</span> <span class='ocrx_word' id='word_1_167' title='bbox 385 1321 525 1356; x_wconf 90' lang='lat' dir='ltr'>nostra</span> <span class='ocrx_word' id='word_1_168' title='bbox 550 1317 654 1356; x_wconf 73' lang='lat' dir='ltr'>uilla</span> <span class='ocrx_word' id='word_1_169' title='bbox 684 1316 888 1367; x_wconf 72' lang='lat' dir='ltr'>Luduiyi.</span> <span class='ocrx_word' id='word_1_170' title='bbox 934 1317 1132 1355; x_wconf 71' lang='lat' dir='ltr'>Volumus</span> <span class='ocrx_word' id='word_1_171' title='bbox 1160 1321 1307 1369; x_wconf 67' lang='lat' dir='ltr'>autem7</span> <span class='ocrx_word' id='word_1_172' title='bbox 1340 1320 1384 1354; x_wconf 91' lang='lat' dir='ltr'>ut</span> <span class='ocrx_word' id='word_1_173' title='bbox 1414 1316 1492 1355; x_wconf 91' lang='lat' dir='ltr'>hec</span> <span class='ocrx_word' id='word_1_174' title='bbox 1525 1318 1657 1356; x_wconf 83' lang='lat' dir='ltr'>omnia</span> <span class='ocrx_word' id='word_1_175' title='bbox 1689 1317 1877 1367; x_wconf 85' lang='lat' dir='ltr'>predicta</span> 
     </span>
     <span class='ocr_line' id='line_1_18' title="bbox 44 1385 1878 1436; baseline -0.001 -12"><span class='ocrx_word' id='word_1_176' title='bbox 44 1385 323 1436; x_wconf 87' lang='lat' dir='ltr'>inperpetuum</span> <span class='ocrx_word' id='word_1_177' title='bbox 356 1386 522 1424; x_wconf 86' lang='lat' dir='ltr'>anobis</span> <span class='ocrx_word' id='word_1_178' title='bbox 555 1389 596 1424; x_wconf 91' lang='lat' dir='ltr'>et</span> <span class='ocrx_word' id='word_1_179' title='bbox 622 1386 774 1424; x_wconf 86' lang='lat' dir='ltr'>nostris</span> <span class='ocrx_word' id='word_1_180' title='bbox 807 1385 1125 1423; x_wconf 88' lang='lat' dir='ltr'>successoribus</span> <span class='ocrx_word' id='word_1_181' title='bbox 1152 1387 1321 1423; x_wconf 84' lang='lat' dir='ltr'>teneant</span> <span class='ocrx_word' id='word_1_182' title='bbox 1353 1385 1465 1422; x_wconf 85' lang='lat' dir='ltr'>circa</span> <span class='ocrx_word' id='word_1_183' title='bbox 1499 1395 1575 1422; x_wconf 90' lang='lat' dir='ltr'>nos</span> <span class='ocrx_word' id='word_1_184' title='bbox 1609 1388 1649 1423; x_wconf 92' lang='lat' dir='ltr'>et</span> <span class='ocrx_word' id='word_1_185' title='bbox 1680 1385 1878 1423; x_wconf 89' lang='lat' dir='ltr'>honorem</span> 
     </span>
     <span class='ocr_line' id='line_1_19' title="bbox 44 1451 1878 1504; baseline -0.001 -12"><span class='ocrx_word' id='word_1_186' title='bbox 44 1456 220 1493; x_wconf 83' lang='lat' dir='ltr'>nostrum</span> <span class='ocrx_word' id='word_1_187' title='bbox 253 1451 369 1492; x_wconf 88' lang='lat' dir='ltr'>fidem</span> <span class='ocrx_word' id='word_1_188' title='bbox 398 1453 574 1492; x_wconf 83' lang='lat' dir='ltr'>debitam</span> <span class='ocrx_word' id='word_1_189' title='bbox 599 1453 895 1504; x_wconf 77' lang='lat' dir='ltr'>obseruantes3</span> <span class='ocrx_word' id='word_1_190' title='bbox 929 1452 1044 1490; x_wconf 88' lang='lat' dir='ltr'>saluo</span> <span class='ocrx_word' id='word_1_191' title='bbox 1069 1453 1156 1490; x_wconf 86' lang='lat' dir='ltr'>iure</span> <span class='ocrx_word' id='word_1_192' title='bbox 1186 1456 1340 1503; x_wconf 70' lang='lat' dir='ltr'>nostro⁷</span> <span class='ocrx_word' id='word_1_193' title='bbox 1365 1455 1553 1501; x_wconf 87' lang='lat' dir='ltr'>quantum</span> <span class='ocrx_word' id='word_1_194' title='bbox 1587 1451 1637 1489; x_wconf 91' lang='lat' dir='ltr'>ad</span> <span class='ocrx_word' id='word_1_195' title='bbox 1665 1451 1878 1490; x_wconf 87' lang='lat' dir='ltr'>dominium</span> 
     </span>
     <span class='ocr_line' id='line_1_20' title="bbox 46 1518 1876 1572; baseline -0.002 -12"><span class='ocrx_word' id='word_1_196' title='bbox 46 1525 224 1560; x_wconf 83' lang='lat' dir='ltr'>nostrum</span> <span class='ocrx_word' id='word_1_197' title='bbox 249 1522 287 1560; x_wconf 91' lang='lat' dir='ltr'>in</span> <span class='ocrx_word' id='word_1_198' title='bbox 314 1521 500 1560; x_wconf 84' lang='lat' dir='ltr'>collectis</span> <span class='ocrx_word' id='word_1_199' title='bbox 523 1525 564 1559; x_wconf 88' lang='lat' dir='ltr'>et</span> <span class='ocrx_word' id='word_1_200' title='bbox 584 1521 674 1559; x_wconf 86' lang='lat' dir='ltr'>aliis</span> <span class='ocrx_word' id='word_1_201' title='bbox 702 1521 858 1559; x_wconf 88' lang='lat' dir='ltr'>iuribus</span> <span class='ocrx_word' id='word_1_202' title='bbox 886 1519 1044 1558; x_wconf 89' lang='lat' dir='ltr'>domino</span> <span class='ocrx_word' id='word_1_203' title='bbox 1069 1519 1367 1569; x_wconf 87' lang='lat' dir='ltr'>pertinentibus</span> <span class='ocrx_word' id='word_1_204' title='bbox 1393 1525 1434 1557; x_wconf 90' lang='lat' dir='ltr'>et</span> <span class='ocrx_word' id='word_1_205' title='bbox 1450 1518 1650 1557; x_wconf 89' lang='lat' dir='ltr'>mandatis</span> <span class='ocrx_word' id='word_1_206' title='bbox 1675 1518 1876 1572; x_wconf 71' lang='lat' dir='ltr'>honestis,</span> 
     </span>
     <span class='ocr_line' id='line_1_21' title="bbox 45 1586 1878 1640; baseline -0.002 -12"><span class='ocrx_word' id='word_1_207' title='bbox 45 1599 125 1640; x_wconf 83' lang='lat' dir='ltr'>que</span> <span class='ocrx_word' id='word_1_208' title='bbox 155 1589 337 1628; x_wconf 90' lang='lat' dir='ltr'>uolumus</span> <span class='ocrx_word' id='word_1_209' title='bbox 370 1589 422 1628; x_wconf 85' lang='lat' dir='ltr'>ab</span> <span class='ocrx_word' id='word_1_210' title='bbox 456 1589 518 1628; x_wconf 88' lang='lat' dir='ltr'>eis</span> <span class='ocrx_word' id='word_1_211' title='bbox 551 1587 717 1627; x_wconf 88' lang='lat' dir='ltr'>firmiter</span> <span class='ocrx_word' id='word_1_212' title='bbox 749 1588 978 1627; x_wconf 90' lang='lat' dir='ltr'>obseruari.</span> <span class='ocrx_word' id='word_1_213' title='bbox 1041 1587 1108 1626; x_wconf 86' lang='lat' dir='ltr'>Ad</span> <span class='ocrx_word' id='word_1_214' title='bbox 1141 1591 1378 1636; x_wconf 86' lang='lat' dir='ltr'>perpetuum</span> <span class='ocrx_word' id='word_1_215' title='bbox 1412 1590 1544 1625; x_wconf 89' lang='lat' dir='ltr'>autem</span> <span class='ocrx_word' id='word_1_216' title='bbox 1579 1586 1705 1624; x_wconf 90' lang='lat' dir='ltr'>robur</span> <span class='ocrx_word' id='word_1_217' title='bbox 1737 1596 1878 1624; x_wconf 90' lang='lat' dir='ltr'>eorum</span> 
     </span>
     <span class='ocr_line' id='line_1_22' title="bbox 47 1652 1879 1709; baseline -0.003 -14"><span class='ocrx_word' id='word_1_218' title='bbox 47 1667 125 1707; x_wconf 86' lang='lat' dir='ltr'>que</span> <span class='ocrx_word' id='word_1_219' title='bbox 164 1655 230 1695; x_wconf 90' lang='lat' dir='ltr'>hic</span> <span class='ocrx_word' id='word_1_220' title='bbox 268 1657 424 1708; x_wconf 85' lang='lat' dir='ltr'>scripta</span> <span class='ocrx_word' id='word_1_221' title='bbox 465 1661 573 1709; x_wconf 80' lang='lat' dir='ltr'>sunt⁷</span> <span class='ocrx_word' id='word_1_222' title='bbox 613 1660 768 1695; x_wconf 89' lang='lat' dir='ltr'>cartam</span> <span class='ocrx_word' id='word_1_223' title='bbox 808 1659 1042 1706; x_wconf 88' lang='lat' dir='ltr'>presentem</span> <span class='ocrx_word' id='word_1_224' title='bbox 1082 1654 1234 1707; x_wconf 88' lang='lat' dir='ltr'>sigillis</span> <span class='ocrx_word' id='word_1_225' title='bbox 1282 1658 1422 1692; x_wconf 91' lang='lat' dir='ltr'>nostro</span> <span class='ocrx_word' id='word_1_226' title='bbox 1464 1657 1505 1691; x_wconf 90' lang='lat' dir='ltr'>et</span> <span class='ocrx_word' id='word_1_227' title='bbox 1543 1654 1673 1691; x_wconf 87' lang='lat' dir='ltr'>nostri</span> <span class='ocrx_word' id='word_1_228' title='bbox 1712 1652 1879 1703; x_wconf 89' lang='lat' dir='ltr'>capituli</span> 
     </span>
     <span class='ocr_line' id='line_1_23' title="bbox 47 1721 1878 1775; baseline -0.002 -13"><span class='ocrx_word' id='word_1_229' title='bbox 47 1721 337 1763; x_wconf 87' lang='lat' dir='ltr'>confirmamus.</span> <span class='ocrx_word' id='word_1_230' title='bbox 399 1724 446 1764; x_wconf 92' lang='lat' dir='ltr'>In</span> <span class='ocrx_word' id='word_1_231' title='bbox 486 1725 699 1775; x_wconf 87' lang='lat' dir='ltr'>presentia</span> <span class='ocrx_word' id='word_1_232' title='bbox 740 1723 897 1762; x_wconf 88' lang='lat' dir='ltr'>talium:</span> <span class='ocrx_word' id='word_1_233' title='bbox 937 1723 1099 1761; x_wconf 88' lang='lat' dir='ltr'>Domini</span> <span class='ocrx_word' id='word_1_234' title='bbox 1140 1722 1313 1772; x_wconf 72' lang='lat' dir='ltr'>Nicolai7</span> <span class='ocrx_word' id='word_1_235' title='bbox 1354 1721 1498 1759; x_wconf 86' lang='lat' dir='ltr'>decani</span> <span class='ocrx_word' id='word_1_236' title='bbox 1533 1721 1878 1759; x_wconf 83' lang='lat' dir='ltr'>vratislauiensis.</span> 
     </span>
     <span class='ocr_line' id='line_1_24' title="bbox 50 1787 1878 1845; baseline -0.002 -15"><span class='ocrx_word' id='word_1_237' title='bbox 50 1790 236 1845; x_wconf 70' lang='lat' dir='ltr'>Gerlaci,</span> <span class='ocrx_word' id='word_1_238' title='bbox 283 1793 482 1842; x_wconf 87' lang='lat' dir='ltr'>prepositi</span> <span class='ocrx_word' id='word_1_239' title='bbox 520 1791 798 1830; x_wconf 87' lang='lat' dir='ltr'>Lubucensis.</span> <span class='ocrx_word' id='word_1_240' title='bbox 848 1790 1072 1843; x_wconf 68' lang='lat' dir='ltr'>Gregorii,</span> <span class='ocrx_word' id='word_1_241' title='bbox 1114 1789 1311 1838; x_wconf 84' lang='lat' dir='ltr'>prepositi</span> <span class='ocrx_word' id='word_1_242' title='bbox 1359 1788 1606 1838; x_wconf 85' lang='lat' dir='ltr'>Opoliensis.</span> <span class='ocrx_word' id='word_1_243' title='bbox 1655 1787 1878 1826; x_wconf 78' lang='lat' dir='ltr'>Heccardi,</span> 
     </span>
     <span class='ocr_line' id='line_1_25' title="bbox 47 1854 1879 1912; baseline -0.003 -14"><span class='ocrx_word' id='word_1_244' title='bbox 47 1857 227 1898; x_wconf 88' lang='lat' dir='ltr'>Martini.</span> <span class='ocrx_word' id='word_1_245' title='bbox 260 1859 448 1899; x_wconf 87' lang='lat' dir='ltr'>Volkeri.</span> <span class='ocrx_word' id='word_1_246' title='bbox 482 1858 928 1912; x_wconf 86' lang='lat' dir='ltr'>Boguslai.1{artuici.</span> <span class='ocrx_word' id='word_1_247' title='bbox 961 1856 1184 1895; x_wconf 83' lang='lat' dir='ltr'>Leonardi.</span> <span class='ocrx_word' id='word_1_248' title='bbox 1214 1856 1423 1895; x_wconf 85' lang='lat' dir='ltr'>valentini.</span> <span class='ocrx_word' id='word_1_249' title='bbox 1458 1854 1680 1893; x_wconf 68' lang='lat' dir='ltr'>LeonardL</span> <span class='ocrx_word' id='word_1_250' title='bbox 1707 1854 1879 1892; x_wconf 79' lang='lat' dir='ltr'>Thome.</span> 
     </span>
     <span class='ocr_line' id='line_1_26' title="bbox 48 1920 1879 1980; baseline -0.004 -15"><span class='ocrx_word' id='word_1_251' title='bbox 48 1925 246 1980; x_wconf 79' lang='lat' dir='ltr'>Magistri</span> <span class='ocrx_word' id='word_1_252' title='bbox 270 1926 494 1967; x_wconf 79' lang='lat' dir='ltr'>franconis.</span> <span class='ocrx_word' id='word_1_253' title='bbox 517 1927 720 1980; x_wconf 81' lang='lat' dir='ltr'>Magistri</span> <span class='ocrx_word' id='word_1_254' title='bbox 745 1927 873 1965; x_wconf 90' lang='lat' dir='ltr'>Petri.</span> <span class='ocrx_word' id='word_1_255' title='bbox 900 1925 1118 1964; x_wconf 88' lang='lat' dir='ltr'>Pertconis</span> <span class='ocrx_word' id='word_1_256' title='bbox 1143 1921 1406 1963; x_wconf 85' lang='lat' dir='ltr'>Cancellarii.</span> <span class='ocrx_word' id='word_1_257' title='bbox 1443 1921 1679 1960; x_wconf 81' lang='lat' dir='ltr'>virchoslai.</span> <span class='ocrx_word' id='word_1_258' title='bbox 1705 1920 1879 1959; x_wconf 88' lang='lat' dir='ltr'>Nicolai.</span> 
     </span>
     <span class='ocr_line' id='line_1_27' title="bbox 49 1988 1880 2046; baseline -0.004 -14"><span class='ocrx_word' id='word_1_259' title='bbox 49 1992 235 2033; x_wconf 87' lang='lat' dir='ltr'>Dimitrii.</span> <span class='ocrx_word' id='word_1_260' title='bbox 274 1995 480 2046; x_wconf 87' lang='lat' dir='ltr'>Scriptum</span> <span class='ocrx_word' id='word_1_261' title='bbox 514 2006 589 2045; x_wconf 89' lang='lat' dir='ltr'>per</span> <span class='ocrx_word' id='word_1_262' title='bbox 621 2006 779 2034; x_wconf 89' lang='lat' dir='ltr'>manum</span> <span class='ocrx_word' id='word_1_263' title='bbox 812 1994 973 2032; x_wconf 85' lang='lat' dir='ltr'>Alberti</span> <span class='ocrx_word' id='word_1_264' title='bbox 1007 1992 1133 2030; x_wconf 85' lang='lat' dir='ltr'>corui.</span> <span class='ocrx_word' id='word_1_265' title='bbox 1174 1991 1322 2029; x_wconf 86' lang='lat' dir='ltr'>Datum</span> <span class='ocrx_word' id='word_1_266' title='bbox 1350 1989 1591 2028; x_wconf 81' lang='lat' dir='ltr'>vratislauie</span> <span class='ocrx_word' id='word_1_267' title='bbox 1624 1990 1664 2026; x_wconf 91' lang='lat' dir='ltr'>in</span> <span class='ocrx_word' id='word_1_268' title='bbox 1697 1988 1880 2025; x_wconf 83' lang='lat' dir='ltr'>ecclesia</span> 
     </span>
     <span class='ocr_line' id='line_1_28' title="bbox 49 2054 1880 2116; baseline -0.004 -16"><span class='ocrx_word' id='word_1_269' title='bbox 49 2059 158 2100; x_wconf 85' lang='lat' dir='ltr'>beati</span> <span class='ocrx_word' id='word_1_270' title='bbox 189 2062 348 2116; x_wconf 81' lang='lat' dir='ltr'>Egidii.</span> <span class='ocrx_word' id='word_1_271' title='bbox 386 2063 510 2102; x_wconf 91' lang='lat' dir='ltr'>Anno</span> <span class='ocrx_word' id='word_1_272' title='bbox 544 2063 743 2102; x_wconf 90' lang='lat' dir='ltr'>dominice</span> <span class='ocrx_word' id='word_1_273' title='bbox 776 2061 1080 2100; x_wconf 84' lang='lat' dir='ltr'>incarnacionis</span> <span class='ocrx_word' id='word_1_274' title='bbox 1113 2058 1172 2097; x_wconf 78' lang='lat' dir='ltr'>M.</span> <span class='ocrx_word' id='word_1_275' title='bbox 1192 2056 1280 2098; x_wconf 81' lang='lat' dir='ltr'>CC.</span> <span class='ocrx_word' id='word_1_276' title='bbox 1300 2057 1393 2096; x_wconf 84' lang='lat' dir='ltr'>Lx.</span> <span class='ocrx_word' id='word_1_277' title='bbox 1410 2057 1538 2096; x_wconf 89' lang='lat' dir='ltr'>tercio</span> <span class='ocrx_word' id='word_1_278' title='bbox 1579 2056 1631 2094; x_wconf 93' lang='lat'>11.</span> <span class='ocrx_word' id='word_1_279' title='bbox 1663 2054 1880 2094; x_wconf 82' lang='lat' dir='ltr'>Kalendas</span> 
     </span>
     <span class='ocr_line' id='line_1_29' title="bbox 51 2127 319 2180; baseline 0 -10"><span class='ocrx_word' id='word_1_280' title='bbox 51 2127 319 2180; x_wconf 85' lang='lat' dir='ltr'>Septembris.</span> 
     </span>
    </p>
   </div>
   <div class='ocr_carea' id='block_1_3' title="bbox 352 2222 1233 2270">
    <p class='ocr_par' dir='ltr' id='par_1_3' title="bbox 352 2222 1233 2270">
     <span class='ocr_line' id='line_1_30' title="bbox 352 2222 1233 2270; baseline -0.008 -10"><span class='ocrx_word' id='word_1_281' title='bbox 352 2227 407 2260; x_wconf 88' lang='lat' dir='ltr'>Ex</span> <span class='ocrx_word' id='word_1_282' title='bbox 429 2228 626 2270; x_wconf 87' lang='lat' dir='ltr'>originali</span> <span class='ocrx_word' id='word_1_283' title='bbox 649 2228 680 2260; x_wconf 89' lang='lat' dir='ltr'>in</span> <span class='ocrx_word' id='word_1_284' title='bbox 703 2227 838 2259; x_wconf 84' lang='lat' dir='ltr'>archivo</span> <span class='ocrx_word' id='word_1_285' title='bbox 862 2224 899 2258; x_wconf 91' lang='lat' dir='ltr'>S.</span> <span class='ocrx_word' id='word_1_286' title='bbox 921 2224 954 2258; x_wconf 85' lang='lat' dir='ltr'>J.</span> <span class='ocrx_word' id='word_1_287' title='bbox 977 2222 1233 2265; x_wconf 86' lang='lat' dir='ltr'>Opaviensis.</span> 
     </span>
    </p>
   </div>
  </div>
 </body>
</html>
