<?xml version="1.0" encoding="UTF-8"?>
<!DOCTYPE html PUBLIC "-//W3C//DTD XHTML 1.0 Transitional//EN"
    "http://www.w3.org/TR/xhtml1/DTD/xhtml1-transitional.dtd">
<html xmlns="http://www.w3.org/1999/xhtml" xml:lang="en" lang="en">
 <head>
  <title>
</title>
<meta http-equiv="Content-Type" content="text/html;charset=utf-8" />
  <meta name='ocr-system' content='tesseract 3.04.00' />
  <meta name='ocr-capabilities' content='ocr_page ocr_carea ocr_par ocr_line ocrx_word'/>
</head>
<body>
  <div class='ocr_page' id='page_1' title='image "./codexdiplomaticu03morauoft_0482.png"; bbox 0 0 2155 2928; ppageno 0'>
   <div class='ocr_carea' id='block_1_1' title="bbox 1099 141 1203 182">
    <p class='ocr_par' dir='ltr' id='par_1_1' title="bbox 1099 141 1203 182">
     <span class='ocr_line' id='line_1_1' title="bbox 1099 141 1203 182; baseline -0.01 0"><span class='ocrx_word' id='word_1_1' title='bbox 1099 141 1203 182; x_wconf 80' lang='lat'>396</span> 
     </span>
    </p>
   </div>
   <div class='ocr_carea' id='block_1_2' title="bbox 1011 347 1292 393">
    <p class='ocr_par' dir='ltr' id='par_1_2' title="bbox 1011 347 1292 393">
     <span class='ocr_line' id='line_1_2' title="bbox 1011 347 1292 393; baseline -0.014 0"><span class='ocrx_word' id='word_1_2' title='bbox 1011 347 1292 393; x_wconf 77' lang='lat' dir='ltr'>CCCXCIV.</span> 
     </span>
    </p>
   </div>
   <div class='ocr_carea' id='block_1_3' title="bbox 234 459 2075 648">
    <p class='ocr_par' dir='ltr' id='par_1_3' title="bbox 234 459 2075 648">
     <span class='ocr_line' id='line_1_3' title="bbox 236 459 2075 516; baseline -0.003 -11"><span class='ocrx_word' id='word_1_3' title='bbox 236 466 460 516; x_wconf 72' lang='lat' dir='ltr'>otakarus,</span> <span class='ocrx_word' id='word_1_4' title='bbox 492 478 575 504; x_wconf 70' lang='lat' dir='ltr'>res:</span> <span class='ocrx_word' id='word_1_5' title='bbox 598 464 800 504; x_wconf 64' lang='lat' dir='ltr'>Boe‘nn&#39;ae</span> <span class='ocrx_word' id='word_1_6' title='bbox 831 465 869 500; x_wconf 76' lang='lat' dir='ltr'>e!</span> <span class='ocrx_word' id='word_1_7' title='bbox 897 460 1087 500; x_wconf 75' lang='lat' dir='ltr'>marchio</span> <span class='ocrx_word' id='word_1_8' title='bbox 1111 460 1346 511; x_wconf 73' lang='lat' dir='ltr'>Moraviae,</span> <span class='ocrx_word' id='word_1_9' title='bbox 1379 459 1599 512; x_wconf 79' lang='lat' dir='ltr'>confirmat</span> <span class='ocrx_word' id='word_1_10' title='bbox 1617 460 1885 512; x_wconf 73' lang='lat' dir='ltr'>privileyz’nm</span> <span class='ocrx_word' id='word_1_11' title='bbox 1909 460 1979 499; x_wconf 76' lang='lat' dir='ltr'>avi</span> <span class='ocrx_word' id='word_1_12' title='bbox 2008 461 2075 501; x_wconf 77' lang='lat' dir='ltr'>sui</span> 
     </span>
     <span class='ocr_line' id='line_1_4' title="bbox 234 514 2075 584; baseline -0.003 -11"><span class='ocrx_word' id='word_1_13' title='bbox 234 534 433 584; x_wconf 56' lang='lat' dir='ltr'>Premysl</span> <span class='ocrx_word' id='word_1_14' title='bbox 453 533 701 572; x_wconf 74' lang='lat' dir='ltr'>monasterio</span> <span class='ocrx_word' id='word_1_15' title='bbox 728 529 981 570; x_wconf 63' lang='lat' dir='ltr'>Grade‘censi</span> <span class='ocrx_word' id='word_1_16' title='bbox 1005 540 1131 579; x_wconf 78' lang='lat' dir='ltr'>super</span> <span class='ocrx_word' id='word_1_17' title='bbox 1152 528 1254 567; x_wconf 65' lang='lat' dir='ltr'>villa</span> <span class='ocrx_word' id='word_1_18' title='bbox 1272 514 1563 578; x_wconf 67' lang='lat' dir='ltr'>Sle&#39;panowice</span> <span class='ocrx_word' id='word_1_19' title='bbox 1588 531 1626 567; x_wconf 79' lang='lat' dir='ltr'>ec</span> <span class='ocrx_word' id='word_1_20' title='bbox 1646 530 1878 567; x_wconf 71' lang='lat' dir='ltr'>exemtione</span> <span class='ocrx_word' id='word_1_21' title='bbox 1895 529 2075 568; x_wconf 69' lang='lat' dir='ltr'>aliarum</span> 
     </span>
     <span class='ocr_line' id='line_1_5' title="bbox 365 595 1942 648; baseline -0.003 -8"><span class='ocrx_word' id='word_1_22' title='bbox 365 602 560 639; x_wconf 74' lang='lat' dir='ltr'>rillarum</span> <span class='ocrx_word' id='word_1_23' title='bbox 593 609 846 637; x_wconf 77' lang='lat' dir='ltr'>concessum.</span> <span class='ocrx_word' id='word_1_24' title='bbox 909 597 981 634; x_wconf 78' lang='lat' dir='ltr'>Dc.</span> <span class='ocrx_word' id='word_1_25' title='bbox 1015 597 1057 634; x_wconf 78' lang='lat' dir='ltr'>in</span> <span class='ocrx_word' id='word_1_26' title='bbox 1089 595 1249 647; x_wconf 72' lang='lat' dir='ltr'>Badjn,</span> <span class='ocrx_word' id='word_1_27' title='bbox 1290 596 1386 635; x_wconf 89' lang='lat' dir='ltr'><em>VII.</em></span> <span class='ocrx_word' id='word_1_28' title='bbox 1420 596 1525 635; x_wconf 76' lang='lat' dir='ltr'>Idus</span> <span class='ocrx_word' id='word_1_29' title='bbox 1556 596 1749 648; x_wconf 51' lang='lat' dir='ltr'>Auyuscz}</span> <span class='ocrx_word' id='word_1_30' title='bbox 1789 595 1942 637; x_wconf 73' lang='lat'><strong>1267.</strong></span> 
     </span>
    </p>
   </div>
   <div class='ocr_carea' id='block_1_4' title="bbox 233 700 2080 1787">
    <p class='ocr_par' dir='ltr' id='par_1_4' title="bbox 233 700 2080 1787">
     <span class='ocr_line' id='line_1_6' title="bbox 407 700 2077 768; baseline -0.001 -13"><span class='ocrx_word' id='word_1_31' title='bbox 407 700 464 759; x_wconf 82' lang='lat' dir='ltr'>In</span> <span class='ocrx_word' id='word_1_32' title='bbox 499 717 657 755; x_wconf 84' lang='lat' dir='ltr'>nomine</span> <span class='ocrx_word' id='word_1_33' title='bbox 698 714 844 753; x_wconf 87' lang='lat' dir='ltr'>domini</span> <span class='ocrx_word' id='word_1_34' title='bbox 879 714 1027 752; x_wconf 83' lang='lat' dir='ltr'>Amen.</span> <span class='ocrx_word' id='word_1_35' title='bbox 1090 713 1178 752; x_wconf 89' lang='lat' dir='ltr'>Nos</span> <span class='ocrx_word' id='word_1_36' title='bbox 1220 713 1456 753; x_wconf 86' lang='lat' dir='ltr'>Otackarus</span> <span class='ocrx_word' id='word_1_37' title='bbox 1497 714 1563 753; x_wconf 92' lang='lat' dir='ltr'>dei</span> <span class='ocrx_word' id='word_1_38' title='bbox 1603 715 1745 768; x_wconf 88' lang='lat' dir='ltr'>gratia</span> <span class='ocrx_word' id='word_1_39' title='bbox 1779 714 1949 753; x_wconf 88' lang='lat' dir='ltr'>Boemie</span> <span class='ocrx_word' id='word_1_40' title='bbox 1979 714 2077 755; x_wconf 88' lang='lat' dir='ltr'>Rex</span> 
     </span>
     <span class='ocr_line' id='line_1_7' title="bbox 238 781 2077 832; baseline -0.002 -7"><span class='ocrx_word' id='word_1_41' title='bbox 238 787 334 825; x_wconf 86' lang='lat' dir='ltr'>Dux</span> <span class='ocrx_word' id='word_1_42' title='bbox 368 786 537 824; x_wconf 79' lang='lat' dir='ltr'>Austrie</span> <span class='ocrx_word' id='word_1_43' title='bbox 570 788 610 821; x_wconf 91' lang='lat' dir='ltr'>et</span> <span class='ocrx_word' id='word_1_44' title='bbox 642 782 784 832; x_wconf 74' lang='lat' dir='ltr'>Styrie</span> <span class='ocrx_word' id='word_1_45' title='bbox 818 793 868 819; x_wconf 88' lang='lat' dir='ltr'>ac</span> <span class='ocrx_word' id='word_1_46' title='bbox 901 781 1095 820; x_wconf 86' lang='lat' dir='ltr'>Marchio</span> <span class='ocrx_word' id='word_1_47' title='bbox 1118 782 1327 821; x_wconf 86' lang='lat' dir='ltr'>Morawie</span> <span class='ocrx_word' id='word_1_48' title='bbox 1360 782 1545 820; x_wconf 89' lang='lat' dir='ltr'>omnibus</span> <span class='ocrx_word' id='word_1_49' title='bbox 1579 783 1618 820; x_wconf 92' lang='lat' dir='ltr'>in</span> <span class='ocrx_word' id='word_1_50' title='bbox 1648 786 1902 832; x_wconf 87' lang='lat' dir='ltr'>perpetuum.</span> <span class='ocrx_word' id='word_1_51' title='bbox 1944 781 2077 831; x_wconf 86' lang='lat' dir='ltr'>qum</span> 
     </span>
     <span class='ocr_line' id='line_1_8' title="bbox 235 848 2078 903; baseline -0.002 -11"><span class='ocrx_word' id='word_1_52' title='bbox 235 865 362 903; x_wconf 88' lang='lat' dir='ltr'>opera</span> <span class='ocrx_word' id='word_1_53' title='bbox 403 852 565 902; x_wconf 80' lang='lat' dir='ltr'>pietatis</span> <span class='ocrx_word' id='word_1_54' title='bbox 608 854 648 888; x_wconf 89' lang='lat' dir='ltr'>et</span> <span class='ocrx_word' id='word_1_55' title='bbox 691 851 794 900; x_wconf 86' lang='lat' dir='ltr'>piam</span> <span class='ocrx_word' id='word_1_56' title='bbox 834 849 1093 888; x_wconf 86' lang='lat' dir='ltr'>deuotionem</span> <span class='ocrx_word' id='word_1_57' title='bbox 1134 850 1447 903; x_wconf 87' lang='lat' dir='ltr'>progenitorum</span> <span class='ocrx_word' id='word_1_58' title='bbox 1489 854 1734 903; x_wconf 78' lang='lat' dir='ltr'>nostrorum⁷</span> <span class='ocrx_word' id='word_1_59' title='bbox 1775 848 1925 888; x_wconf 85' lang='lat' dir='ltr'>factam</span> <span class='ocrx_word' id='word_1_60' title='bbox 1963 851 2078 889; x_wconf 83' lang='lat' dir='ltr'>circa</span> 
     </span>
     <span class='ocr_line' id='line_1_9' title="bbox 235 917 2078 972; baseline -0.001 -14"><span class='ocrx_word' id='word_1_61' title='bbox 235 921 542 972; x_wconf 81' lang='lat' dir='ltr'>Religiosorum</span> <span class='ocrx_word' id='word_1_62' title='bbox 577 918 682 969; x_wconf 77' lang='lat' dir='ltr'>loca,</span> <span class='ocrx_word' id='word_1_63' title='bbox 716 928 794 955; x_wconf 85' lang='lat' dir='ltr'>sev</span> <span class='ocrx_word' id='word_1_64' title='bbox 819 917 1081 956; x_wconf 84' lang='lat' dir='ltr'>Monasteria</span> <span class='ocrx_word' id='word_1_65' title='bbox 1118 917 1207 956; x_wconf 81' lang='lat' dir='ltr'>Deo</span> <span class='ocrx_word' id='word_1_66' title='bbox 1242 917 1395 970; x_wconf 73' lang='lat' dir='ltr'>dedita,</span> <span class='ocrx_word' id='word_1_67' title='bbox 1428 918 1625 968; x_wconf 87' lang='lat' dir='ltr'>ampliare</span> <span class='ocrx_word' id='word_1_68' title='bbox 1658 918 1832 957; x_wconf 82' lang='lat' dir='ltr'>velimus</span> <span class='ocrx_word' id='word_1_69' title='bbox 1865 918 1917 957; x_wconf 89' lang='lat' dir='ltr'>ob</span> <span class='ocrx_word' id='word_1_70' title='bbox 1950 928 2078 957; x_wconf 88' lang='lat' dir='ltr'>reue-</span> 
     </span>
     <span class='ocr_line' id='line_1_10' title="bbox 234 985 2077 1038; baseline 0 -12"><span class='ocrx_word' id='word_1_71' title='bbox 234 989 403 1026; x_wconf 77' lang='lat' dir='ltr'><strong>rentiam</strong></span> <span class='ocrx_word' id='word_1_72' title='bbox 448 986 524 1024; x_wconf 85' lang='lat' dir='ltr'>Dei</span> <span class='ocrx_word' id='word_1_73' title='bbox 559 986 860 1038; x_wconf 71' lang='lat' dir='ltr'>omnipotentis7</span> <span class='ocrx_word' id='word_1_74' title='bbox 903 987 1063 1023; x_wconf 88' lang='lat' dir='ltr'>cunctis</span> <span class='ocrx_word' id='word_1_75' title='bbox 1095 986 1348 1035; x_wconf 80' lang='lat' dir='ltr'><strong>temporibus</strong></span> <span class='ocrx_word' id='word_1_76' title='bbox 1389 986 1473 1024; x_wconf 85' lang='lat' dir='ltr'>vite</span> <span class='ocrx_word' id='word_1_77' title='bbox 1516 991 1671 1025; x_wconf 88' lang='lat' dir='ltr'>nostre.</span> <span class='ocrx_word' id='word_1_78' title='bbox 1734 985 1858 1026; x_wconf 88' lang='lat' dir='ltr'>Scire</span> <span class='ocrx_word' id='word_1_79' title='bbox 1891 986 2077 1026; x_wconf 86' lang='lat' dir='ltr'>volumus</span> 
     </span>
     <span class='ocr_line' id='line_1_11' title="bbox 233 1052 2078 1107; baseline 0.001 -14"><span class='ocrx_word' id='word_1_80' title='bbox 233 1056 484 1105; x_wconf 85' lang='lat' dir='ltr'>presentium</span> <span class='ocrx_word' id='word_1_81' title='bbox 525 1053 729 1104; x_wconf 85' lang='lat' dir='ltr'>quoslibet</span> <span class='ocrx_word' id='word_1_82' title='bbox 762 1054 951 1091; x_wconf 86' lang='lat' dir='ltr'>noticiam</span> <span class='ocrx_word' id='word_1_83' title='bbox 991 1053 1205 1092; x_wconf 86' lang='lat' dir='ltr'>habituros</span> <span class='ocrx_word' id='word_1_84' title='bbox 1238 1057 1318 1092; x_wconf 83' lang='lat' dir='ltr'>tam</span> <span class='ocrx_word' id='word_1_85' title='bbox 1358 1057 1581 1104; x_wconf 81' lang='lat' dir='ltr'><strong>presentes</strong></span> <span class='ocrx_word' id='word_1_86' title='bbox 1615 1065 1730 1105; x_wconf 88' lang='lat' dir='ltr'>quam</span> <span class='ocrx_word' id='word_1_87' title='bbox 1764 1052 1938 1107; x_wconf 69' lang='lat' dir='ltr'>futuros,</span> <span class='ocrx_word' id='word_1_88' title='bbox 1971 1053 2078 1106; x_wconf 84' lang='lat' dir='ltr'>quod</span> 
     </span>
     <span class='ocr_line' id='line_1_12' title="bbox 234 1119 2078 1176; baseline 0.001 -17"><span class='ocrx_word' id='word_1_89' title='bbox 234 1122 423 1175; x_wconf 77' lang='lat' dir='ltr'>graciam</span> <span class='ocrx_word' id='word_1_90' title='bbox 458 1132 537 1159; x_wconf 83' lang='lat' dir='ltr'>sev</span> <span class='ocrx_word' id='word_1_91' title='bbox 571 1121 800 1160; x_wconf 87' lang='lat' dir='ltr'>libertatem</span> <span class='ocrx_word' id='word_1_92' title='bbox 834 1119 982 1160; x_wconf 82' lang='lat' dir='ltr'>factam</span> <span class='ocrx_word' id='word_1_93' title='bbox 1024 1132 1099 1172; x_wconf 90' lang='lat' dir='ltr'>per</span> <span class='ocrx_word' id='word_1_94' title='bbox 1138 1121 1336 1160; x_wconf 85' lang='lat' dir='ltr'>dominum</span> <span class='ocrx_word' id='word_1_95' title='bbox 1377 1122 1680 1176; x_wconf 74' lang='lat' dir='ltr'>Primislavum,</span> <span class='ocrx_word' id='word_1_96' title='bbox 1719 1120 1853 1161; x_wconf 83' lang='lat' dir='ltr'>felicis</span> <span class='ocrx_word' id='word_1_97' title='bbox 1886 1123 2078 1162; x_wconf 84' lang='lat' dir='ltr'>memorie</span> 
     </span>
     <span class='ocr_line' id='line_1_13' title="bbox 235 1188 2077 1243; baseline 0.001 -15"><span class='ocrx_word' id='word_1_98' title='bbox 235 1190 435 1240; x_wconf 83' lang='lat' dir='ltr'>quondam</span> <span class='ocrx_word' id='word_1_99' title='bbox 462 1190 627 1242; x_wconf 87' lang='lat' dir='ltr'>Regem</span> <span class='ocrx_word' id='word_1_100' title='bbox 655 1190 896 1228; x_wconf 89' lang='lat' dir='ltr'>Boemorum</span> <span class='ocrx_word' id='word_1_101' title='bbox 921 1189 1179 1228; x_wconf 87' lang='lat' dir='ltr'>karissimum</span> <span class='ocrx_word' id='word_1_102' title='bbox 1205 1201 1322 1228; x_wconf 84' lang='lat' dir='ltr'>auum</span> <span class='ocrx_word' id='word_1_103' title='bbox 1349 1193 1543 1243; x_wconf 65' lang='lat' dir='ltr'>nostrum,</span> <span class='ocrx_word' id='word_1_104' title='bbox 1569 1188 1758 1230; x_wconf 73' lang='lat' dir='ltr'>Cenobio</span> <span class='ocrx_word' id='word_1_105' title='bbox 1781 1191 1822 1229; x_wconf 87' lang='lat' dir='ltr'>in</span> <span class='ocrx_word' id='word_1_106' title='bbox 1846 1189 2077 1243; x_wconf 75' lang='lat' dir='ltr'>Hrodisch,</span> 
     </span>
     <span class='ocr_line' id='line_1_14' title="bbox 235 1256 2079 1311; baseline 0.001 -15"><span class='ocrx_word' id='word_1_107' title='bbox 235 1258 340 1308; x_wconf 87' lang='lat' dir='ltr'>quod</span> <span class='ocrx_word' id='word_1_108' title='bbox 376 1256 519 1296; x_wconf 82' lang='lat' dir='ltr'>fauore</span> <span class='ocrx_word' id='word_1_109' title='bbox 562 1258 845 1308; x_wconf 77' lang='lat' dir='ltr'>prosequimur</span> <span class='ocrx_word' id='word_1_110' title='bbox 877 1258 1100 1311; x_wconf 66' lang='lat' dir='ltr'>singuiari7</span> <span class='ocrx_word' id='word_1_111' title='bbox 1132 1261 1262 1296; x_wconf 87' lang='lat' dir='ltr'>ratam</span> <span class='ocrx_word' id='word_1_112' title='bbox 1302 1258 1462 1296; x_wconf 80' lang='lat' dir='ltr'>habere</span> <span class='ocrx_word' id='word_1_113' title='bbox 1494 1259 1678 1297; x_wconf 89' lang='lat' dir='ltr'>uolumus</span> <span class='ocrx_word' id='word_1_114' title='bbox 1713 1269 1788 1309; x_wconf 87' lang='lat' dir='ltr'>per</span> <span class='ocrx_word' id='word_1_115' title='bbox 1826 1259 1974 1311; x_wconf 67' lang='lat' dir='ltr'>omnia,</span> <span class='ocrx_word' id='word_1_116' title='bbox 2005 1269 2079 1297; x_wconf 88' lang='lat' dir='ltr'>re-</span> 
     </span>
     <span class='ocr_line' id='line_1_15' title="bbox 235 1324 2079 1379; baseline 0.001 -16"><span class='ocrx_word' id='word_1_117' title='bbox 235 1337 391 1364; x_wconf 87' lang='lat' dir='ltr'>nouare</span> <span class='ocrx_word' id='word_1_118' title='bbox 425 1326 671 1364; x_wconf 81' lang='lat' dir='ltr'>auctoritate</span> <span class='ocrx_word' id='word_1_119' title='bbox 705 1327 969 1378; x_wconf 66' lang='lat' dir='ltr'>presentium7</span> <span class='ocrx_word' id='word_1_120' title='bbox 1010 1330 1052 1364; x_wconf 83' lang='lat' dir='ltr'>et</span> <span class='ocrx_word' id='word_1_121' title='bbox 1085 1327 1198 1364; x_wconf 84' lang='lat' dir='ltr'>iuxta</span> <span class='ocrx_word' id='word_1_122' title='bbox 1232 1327 1295 1364; x_wconf 87' lang='lat' dir='ltr'>sui</span> <span class='ocrx_word' id='word_1_123' title='bbox 1331 1326 1541 1379; x_wconf 85' lang='lat' dir='ltr'>priuilegii</span> <span class='ocrx_word' id='word_1_124' title='bbox 1575 1327 1865 1364; x_wconf 77' lang='lat' dir='ltr'>continentiam</span> <span class='ocrx_word' id='word_1_125' title='bbox 1905 1324 2079 1366; x_wconf 83' lang='lat' dir='ltr'>finaliter</span> 
     </span>
     <span class='ocr_line' id='line_1_16' title="bbox 235 1392 2080 1446; baseline 0.001 -15"><span class='ocrx_word' id='word_1_126' title='bbox 235 1392 491 1446; x_wconf 67' lang='lat' dir='ltr'>confirmare,</span> <span class='ocrx_word' id='word_1_127' title='bbox 534 1395 651 1432; x_wconf 84' lang='lat' dir='ltr'>cuius</span> <span class='ocrx_word' id='word_1_128' title='bbox 691 1397 812 1432; x_wconf 86' lang='lat' dir='ltr'>tenor</span> <span class='ocrx_word' id='word_1_129' title='bbox 860 1394 955 1432; x_wconf 85' lang='lat' dir='ltr'>talis</span> <span class='ocrx_word' id='word_1_130' title='bbox 995 1398 1060 1432; x_wconf 86' lang='lat' dir='ltr'>est</span> <span class='ocrx_word' id='word_1_131' title='bbox 1099 1396 1220 1445; x_wconf 74' lang='lat' dir='ltr'>(qu</span> <span class='ocrx_word' id='word_1_132' title='bbox 1254 1394 1449 1433; x_wconf 76' lang='lat' dir='ltr'>Premizl</span> <span class='ocrx_word' id='word_1_133' title='bbox 1479 1397 1552 1432; x_wconf 82' lang='lat' dir='ltr'>etc.</span> <span class='ocrx_word' id='word_1_134' title='bbox 1584 1422 1595 1432; x_wconf 88' lang='lat'><strong>.</strong></span> <span class='ocrx_word' id='word_1_135' title='bbox 1628 1422 1638 1432; x_wconf 87' lang='lat'><strong>.</strong></span> <span class='ocrx_word' id='word_1_136' title='bbox 1671 1422 1681 1433; x_wconf 90' lang='lat'><strong>.</strong></span> <span class='ocrx_word' id='word_1_137' title='bbox 1713 1394 1837 1433; x_wconf 77' lang='lat' dir='ltr'>Anno</span> <span class='ocrx_word' id='word_1_138' title='bbox 1875 1394 2080 1434; x_wconf 77' lang='lat' dir='ltr'>dominice</span> 
     </span>
     <span class='ocr_line' id='line_1_17' title="bbox 235 1461 2080 1516; baseline 0.001 -15"><span class='ocrx_word' id='word_1_139' title='bbox 235 1463 537 1501; x_wconf 72' lang='lat' dir='ltr'>incarnationis</span> <span class='ocrx_word' id='word_1_140' title='bbox 571 1463 631 1502; x_wconf 77' lang='grc' dir='ltr'>Μ.</span> <span class='ocrx_word' id='word_1_141' title='bbox 677 1461 762 1503; x_wconf 78' lang='lat' dir='ltr'>CO.</span> <span class='ocrx_word' id='word_1_142' title='bbox 794 1463 944 1513; x_wconf 74' lang='lat' dir='ltr'>primo.</span> <span class='ocrx_word' id='word_1_143' title='bbox 984 1463 1088 1502; x_wconf 69' lang='lat' dir='ltr'>ride</span> <span class='ocrx_word' id='word_1_144' title='bbox 1119 1475 1159 1501; x_wconf 74' lang='grc' dir='ltr'>η.</span> <span class='ocrx_word' id='word_1_145' title='bbox 1193 1463 1252 1501; x_wconf 90' lang='lat' dir='ltr'>II.</span> <span class='ocrx_word' id='word_1_146' title='bbox 1290 1463 1337 1502; x_wconf 79' lang='lat' dir='ltr'>T.</span> <span class='ocrx_word' id='word_1_147' title='bbox 1370 1462 1456 1512; x_wconf 77' lang='grc' dir='ltr'><em>ΙΙ.)</em></span> <span class='ocrx_word' id='word_1_148' title='bbox 1519 1463 1574 1501; x_wconf 83' lang='lat' dir='ltr'>Et</span> <span class='ocrx_word' id='word_1_149' title='bbox 1613 1466 1658 1503; x_wconf 84' lang='lat' dir='ltr'>vt</span> <span class='ocrx_word' id='word_1_150' title='bbox 1689 1462 1768 1501; x_wconf 89' lang='lat' dir='ltr'>hec</span> <span class='ocrx_word' id='word_1_151' title='bbox 1801 1463 1970 1516; x_wconf 82' lang='lat' dir='ltr'>singula</span> <span class='ocrx_word' id='word_1_152' title='bbox 2004 1463 2080 1502; x_wconf 83' lang='lat' dir='ltr'>iam</span> 
     </span>
     <span class='ocr_line' id='line_1_18' title="bbox 237 1528 2079 1580; baseline 0.001 -13"><span class='ocrx_word' id='word_1_153' title='bbox 237 1530 436 1580; x_wconf 80' lang='lat' dir='ltr'>premissa</span> <span class='ocrx_word' id='word_1_154' title='bbox 471 1530 577 1568; x_wconf 79' lang='lat' dir='ltr'>(licto</span> <span class='ocrx_word' id='word_1_155' title='bbox 606 1528 795 1569; x_wconf 79' lang='lat' dir='ltr'>Cenobio</span> <span class='ocrx_word' id='word_1_156' title='bbox 824 1531 863 1568; x_wconf 93' lang='lat' dir='ltr'>in</span> <span class='ocrx_word' id='word_1_157' title='bbox 890 1530 1100 1569; x_wconf 86' lang='lat' dir='ltr'>Hradisch</span> <span class='ocrx_word' id='word_1_158' title='bbox 1127 1532 1240 1569; x_wconf 83' lang='lat' dir='ltr'>iuxta</span> <span class='ocrx_word' id='word_1_159' title='bbox 1269 1531 1331 1570; x_wconf 90' lang='lat' dir='ltr'>sui</span> <span class='ocrx_word' id='word_1_160' title='bbox 1361 1531 1652 1569; x_wconf 80' lang='lat' dir='ltr'>continentiam</span> <span class='ocrx_word' id='word_1_161' title='bbox 1676 1542 1700 1568; x_wconf 86' lang='lat' dir='ltr'>a</span> <span class='ocrx_word' id='word_1_162' title='bbox 1725 1532 1879 1569; x_wconf 89' lang='lat' dir='ltr'>nostris</span> <span class='ocrx_word' id='word_1_163' title='bbox 1903 1541 2079 1569; x_wconf 89' lang='lat' dir='ltr'>succes-</span> 
     </span>
     <span class='ocr_line' id='line_1_19' title="bbox 236 1597 2080 1652; baseline 0.001 -16"><span class='ocrx_word' id='word_1_164' title='bbox 236 1597 400 1636; x_wconf 86' lang='lat' dir='ltr'>soribus</span> <span class='ocrx_word' id='word_1_165' title='bbox 441 1597 478 1635; x_wconf 94' lang='lat' dir='ltr'>in</span> <span class='ocrx_word' id='word_1_166' title='bbox 514 1602 719 1648; x_wconf 87' lang='lat' dir='ltr'>posterum</span> <span class='ocrx_word' id='word_1_167' title='bbox 762 1597 1051 1636; x_wconf 81' lang='lat' dir='ltr'>inuiolabiliter</span> <span class='ocrx_word' id='word_1_168' title='bbox 1084 1599 1374 1651; x_wconf 70' lang='lat' dir='ltr'>obseruentur7</span> <span class='ocrx_word' id='word_1_169' title='bbox 1414 1599 1453 1636; x_wconf 91' lang='lat' dir='ltr'>in</span> <span class='ocrx_word' id='word_1_170' title='bbox 1494 1599 1661 1652; x_wconf 85' lang='lat' dir='ltr'>signum</span> <span class='ocrx_word' id='word_1_171' title='bbox 1702 1599 1998 1651; x_wconf 76' lang='lat' dir='ltr'>renouationis,</span> <span class='ocrx_word' id='word_1_172' title='bbox 2039 1601 2080 1638; x_wconf 81' lang='lat' dir='ltr'>et</span> 
     </span>
     <span class='ocr_line' id='line_1_20' title="bbox 236 1663 2079 1720; baseline 0.002 -18"><span class='ocrx_word' id='word_1_173' title='bbox 236 1663 551 1703; x_wconf 82' lang='lat' dir='ltr'>confirmationis</span> <span class='ocrx_word' id='word_1_174' title='bbox 585 1665 817 1704; x_wconf 86' lang='lat' dir='ltr'>eorumdem</span> <span class='ocrx_word' id='word_1_175' title='bbox 851 1666 927 1715; x_wconf 88' lang='lat' dir='ltr'>ipsi</span> <span class='ocrx_word' id='word_1_176' title='bbox 962 1666 1103 1704; x_wconf 87' lang='lat' dir='ltr'>damus</span> <span class='ocrx_word' id='word_1_177' title='bbox 1138 1667 1403 1716; x_wconf 82' lang='lat' dir='ltr'>presentibus</span> <span class='ocrx_word' id='word_1_178' title='bbox 1437 1668 1647 1719; x_wconf 79' lang='lat' dir='ltr'>paginam7</span> <span class='ocrx_word' id='word_1_179' title='bbox 1679 1671 1908 1705; x_wconf 86' lang='lat' dir='ltr'>nostrorum</span> <span class='ocrx_word' id='word_1_180' title='bbox 1941 1666 2079 1720; x_wconf 84' lang='lat' dir='ltr'>Sigil-</span> 
     </span>
     <span class='ocr_line' id='line_1_21' title="bbox 237 1733 2079 1787; baseline 0.002 -17"><span class='ocrx_word' id='word_1_181' title='bbox 237 1733 363 1771; x_wconf 82' lang='lat' dir='ltr'>lorum</span> <span class='ocrx_word' id='word_1_182' title='bbox 411 1735 625 1772; x_wconf 87' lang='lat' dir='ltr'>munimine</span> <span class='ocrx_word' id='word_1_183' title='bbox 675 1734 933 1787; x_wconf 70' lang='lat' dir='ltr'>roboratam,</span> <span class='ocrx_word' id='word_1_184' title='bbox 982 1735 1180 1773; x_wconf 77' lang='lat' dir='ltr'>&#39;Pestibus</span> <span class='ocrx_word' id='word_1_185' title='bbox 1229 1736 1295 1785; x_wconf 86' lang='lat' dir='ltr'>qui</span> <span class='ocrx_word' id='word_1_186' title='bbox 1344 1734 1521 1773; x_wconf 87' lang='lat' dir='ltr'>aderant</span> <span class='ocrx_word' id='word_1_187' title='bbox 1568 1735 1814 1787; x_wconf 69' lang='lat' dir='ltr'>subnotatis,</span> <span class='ocrx_word' id='word_1_188' title='bbox 1862 1735 1928 1785; x_wconf 92' lang='lat' dir='ltr'>qui</span> <span class='ocrx_word' id='word_1_189' title='bbox 1974 1738 2079 1774; x_wconf 84' lang='lat' dir='ltr'>sunt.</span> 
     </span>
    </p>
   </div>
   <div class='ocr_carea' id='block_1_5' title="bbox 236 1800 2143 1988">
    <p class='ocr_par' dir='ltr' id='par_1_5' title="bbox 236 1800 2143 1988">
     <span class='ocr_line' id='line_1_22' title="bbox 236 1800 2143 1852; baseline 0.002 -14"><span class='ocrx_word' id='word_1_190' title='bbox 236 1800 440 1839; x_wconf 85' lang='lat' dir='ltr'>Nezabitz</span> <span class='ocrx_word' id='word_1_191' title='bbox 474 1801 747 1851; x_wconf 84' lang='lat' dir='ltr'>purchrauius</span> <span class='ocrx_word' id='word_1_192' title='bbox 770 1802 1070 1841; x_wconf 78' lang='lat' dir='ltr'>olomucensis.</span> <span class='ocrx_word' id='word_1_193' title='bbox 1098 1803 1270 1840; x_wconf 73' lang='lat' dir='ltr'>Vtricus</span> <span class='ocrx_word' id='word_1_194' title='bbox 1295 1803 1583 1841; x_wconf 82' lang='lat' dir='ltr'>Bvrchrauius</span> <span class='ocrx_word' id='word_1_195' title='bbox 1608 1802 1659 1841; x_wconf 92' lang='lat' dir='ltr'>de</span> <span class='ocrx_word' id='word_1_196' title='bbox 1684 1802 1857 1852; x_wconf 77' lang='lat' dir='ltr'>Znoym.</span> <span class='ocrx_word' id='word_1_197' title='bbox 1889 1801 2079 1841; x_wconf 88' lang='lat' dir='ltr'>Heincko</span> <span class='ocrx_word' id='word_1_198' title='bbox 2141 1842 2143 1846; x_wconf 19' lang='grc' dir='ltr'><em>Α</em></span> 
     </span>
     <span class='ocr_line' id='line_1_23' title="bbox 238 1869 2079 1920; baseline 0.001 -13"><span class='ocrx_word' id='word_1_199' title='bbox 238 1869 525 1909; x_wconf 85' lang='lat' dir='ltr'>Burchrauius</span> <span class='ocrx_word' id='word_1_200' title='bbox 566 1870 617 1908; x_wconf 83' lang='lat' dir='ltr'>de</span> <span class='ocrx_word' id='word_1_201' title='bbox 659 1874 794 1920; x_wconf 89' lang='lat' dir='ltr'>ponte.</span> <span class='ocrx_word' id='word_1_202' title='bbox 827 1870 1026 1909; x_wconf 85' lang='lat' dir='ltr'>Albertus</span> <span class='ocrx_word' id='word_1_203' title='bbox 1068 1870 1352 1909; x_wconf 80' lang='lat' dir='ltr'>Burchrauius</span> <span class='ocrx_word' id='word_1_204' title='bbox 1394 1870 1445 1909; x_wconf 89' lang='lat' dir='ltr'>de</span> <span class='ocrx_word' id='word_1_205' title='bbox 1490 1870 1620 1911; x_wconf 84' lang='lat' dir='ltr'>Vren.</span> <span class='ocrx_word' id='word_1_206' title='bbox 1661 1869 1830 1909; x_wconf 86' lang='lat' dir='ltr'>Onscho</span> <span class='ocrx_word' id='word_1_207' title='bbox 1870 1871 2079 1920; x_wconf 82' lang='lat' dir='ltr'>pincerna.</span> 
     </span>
     <span class='ocr_line' id='line_1_24' title="bbox 240 1937 2078 1988; baseline 0 -13"><span class='ocrx_word' id='word_1_208' title='bbox 240 1938 499 1976; x_wconf 86' lang='lat' dir='ltr'>Hermannus</span> <span class='ocrx_word' id='word_1_209' title='bbox 539 1938 590 1977; x_wconf 90' lang='lat' dir='ltr'>de</span> <span class='ocrx_word' id='word_1_210' title='bbox 623 1939 912 1977; x_wconf 86' lang='lat' dir='ltr'>Richenovve.</span> <span class='ocrx_word' id='word_1_211' title='bbox 954 1939 1207 1977; x_wconf 80' lang='lat' dir='ltr'>Domazlavs</span> <span class='ocrx_word' id='word_1_212' title='bbox 1241 1939 1441 1988; x_wconf 84' lang='lat' dir='ltr'>pincerna</span> <span class='ocrx_word' id='word_1_213' title='bbox 1479 1937 1697 1977; x_wconf 84' lang='lat' dir='ltr'>karissime</span> <span class='ocrx_word' id='word_1_214' title='bbox 1729 1937 1905 1976; x_wconf 87' lang='lat' dir='ltr'>Domine</span> <span class='ocrx_word' id='word_1_215' title='bbox 1939 1937 2078 1977; x_wconf 80' lang='lat' dir='ltr'>vxoris</span> 
     </span>
    </p>
   </div>
   <div class='ocr_carea' id='block_1_6' title="bbox 239 2004 2079 2056">
    <p class='ocr_par' dir='ltr' id='par_1_6' title="bbox 239 2004 2079 2056">
     <span class='ocr_line' id='line_1_25' title="bbox 239 2004 2079 2056; baseline 0.001 -13"><span class='ocrx_word' id='word_1_216' title='bbox 239 2009 394 2043; x_wconf 81' lang='lat' dir='ltr'>nostre.</span> <span class='ocrx_word' id='word_1_217' title='bbox 437 2006 672 2045; x_wconf 77' lang='lat' dir='ltr'>Schazlaus</span> <span class='ocrx_word' id='word_1_218' title='bbox 706 2005 866 2056; x_wconf 74' lang='lat' dir='ltr'>dapifer</span> <span class='ocrx_word' id='word_1_219' title='bbox 899 2007 1096 2044; x_wconf 83' lang='lat' dir='ltr'>eiusdem.</span> <span class='ocrx_word' id='word_1_220' title='bbox 1140 2006 1410 2056; x_wconf 79' lang='lat' dir='ltr'>Myzthidruh</span> <span class='ocrx_word' id='word_1_221' title='bbox 1446 2007 1700 2047; x_wconf 83' lang='lat' dir='ltr'>camerarius</span> <span class='ocrx_word' id='word_1_222' title='bbox 1733 2005 1929 2044; x_wconf 87' lang='lat' dir='ltr'>eiusdem.</span> <span class='ocrx_word' id='word_1_223' title='bbox 1962 2004 2079 2044; x_wconf 79' lang='lat' dir='ltr'>Reh-</span> 
     </span>
    </p>
   </div>
   <div class='ocr_carea' id='block_1_7' title="bbox 241 2073 2138 2264">
    <p class='ocr_par' dir='ltr' id='par_1_7' title="bbox 241 2073 2138 2264">
     <span class='ocr_line' id='line_1_26' title="bbox 241 2073 2138 2127; baseline 0.001 -17"><span class='ocrx_word' id='word_1_224' title='bbox 241 2073 385 2111; x_wconf 80' lang='lat' dir='ltr'>nickus</span> <span class='ocrx_word' id='word_1_225' title='bbox 427 2074 761 2115; x_wconf 79' lang='lat' dir='ltr'>subcamerarius</span> <span class='ocrx_word' id='word_1_226' title='bbox 803 2075 906 2113; x_wconf 91' lang='lat' dir='ltr'>eius.</span> <span class='ocrx_word' id='word_1_227' title='bbox 949 2074 1205 2113; x_wconf 86' lang='lat' dir='ltr'>Dlnhomilus</span> <span class='ocrx_word' id='word_1_228' title='bbox 1246 2074 1297 2112; x_wconf 88' lang='lat' dir='ltr'>de</span> <span class='ocrx_word' id='word_1_229' title='bbox 1331 2074 1560 2127; x_wconf 69' lang='lat' dir='ltr'>Wezzele,</span> <span class='ocrx_word' id='word_1_230' title='bbox 1603 2073 1743 2112; x_wconf 83' lang='lat' dir='ltr'>etalii</span> <span class='ocrx_word' id='word_1_231' title='bbox 1777 2085 1894 2124; x_wconf 83' lang='lat' dir='ltr'>quam</span> <span class='ocrx_word' id='word_1_232' title='bbox 1929 2073 2079 2124; x_wconf 82' lang='lat' dir='ltr'>plures.</span> <span class='ocrx_word' id='word_1_233' title='bbox 2136 2091 2138 2123; x_wconf 72' lang='lat' dir='ltr'>j</span> 
     </span>
     <span class='ocr_line' id='line_1_27' title="bbox 241 2141 2137 2195; baseline 0.001 -17"><span class='ocrx_word' id='word_1_234' title='bbox 241 2142 387 2179; x_wconf 81' lang='lat' dir='ltr'>Actum</span> <span class='ocrx_word' id='word_1_235' title='bbox 421 2147 461 2179; x_wconf 89' lang='lat' dir='ltr'>et</span> <span class='ocrx_word' id='word_1_236' title='bbox 494 2142 626 2180; x_wconf 82' lang='lat' dir='ltr'>datum</span> <span class='ocrx_word' id='word_1_237' title='bbox 662 2144 699 2180; x_wconf 94' lang='lat' dir='ltr'>in</span> <span class='ocrx_word' id='word_1_238' title='bbox 735 2143 882 2195; x_wconf 70' lang='lat' dir='ltr'>Budin⁷</span> <span class='ocrx_word' id='word_1_239' title='bbox 926 2154 1000 2193; x_wconf 84' lang='lat' dir='ltr'>per</span> <span class='ocrx_word' id='word_1_240' title='bbox 1033 2155 1176 2180; x_wconf 74' lang='lat' dir='ltr'>manius</span> <span class='ocrx_word' id='word_1_241' title='bbox 1209 2143 1400 2195; x_wconf 77' lang='lat' dir='ltr'>magistri</span> <span class='ocrx_word' id='word_1_242' title='bbox 1434 2143 1563 2194; x_wconf 71' lang='lat' dir='ltr'>Petri7</span> <span class='ocrx_word' id='word_1_243' title='bbox 1597 2142 1852 2180; x_wconf 79' lang='lat' dir='ltr'>venerabilis</span> <span class='ocrx_word' id='word_1_244' title='bbox 1886 2141 2080 2192; x_wconf 88' lang='lat' dir='ltr'>prepositi</span> <span class='ocrx_word' id='word_1_245' title='bbox 2134 2158 2137 2164; x_wconf 94' lang='lat'><em>·</em></span> 
     </span>
     <span class='ocr_line' id='line_1_28' title="bbox 242 2208 2079 2264; baseline 0.001 -18"><span class='ocrx_word' id='word_1_246' title='bbox 242 2209 658 2263; x_wconf 61' lang='lat' dir='ltr'>usischegradensis</span> <span class='ocrx_word' id='word_1_247' title='bbox 692 2211 836 2264; x_wconf 78' lang='lat' dir='ltr'>Regni</span> <span class='ocrx_word' id='word_1_248' title='bbox 872 2211 1001 2249; x_wconf 81' lang='lat' dir='ltr'>nostri</span> <span class='ocrx_word' id='word_1_249' title='bbox 1037 2209 1302 2261; x_wconf 85' lang='lat' dir='ltr'>Canceilarij.</span> <span class='ocrx_word' id='word_1_250' title='bbox 1352 2211 1474 2250; x_wconf 89' lang='lat' dir='ltr'>Anno</span> <span class='ocrx_word' id='word_1_251' title='bbox 1509 2210 1656 2249; x_wconf 84' lang='lat' dir='ltr'>domini</span> <span class='ocrx_word' id='word_1_252' title='bbox 1689 2210 1749 2250; x_wconf 85' lang='lat' dir='ltr'>M.</span> <span class='ocrx_word' id='word_1_253' title='bbox 1768 2208 1856 2251; x_wconf 74' lang='lat' dir='ltr'>CC.</span> <span class='ocrx_word' id='word_1_254' title='bbox 1874 2210 1969 2250; x_wconf 86' lang='lat' dir='ltr'>Lx.</span> <span class='ocrx_word' id='word_1_255' title='bbox 1985 2209 2079 2250; x_wconf 86' lang='lat' dir='ltr'><strong>Vll.</strong></span> 
     </span>
    </p>
   </div>
   <div class='ocr_carea' id='block_1_8' title="bbox 243 2276 1409 2331">
    <p class='ocr_par' dir='ltr' id='par_1_8' title="bbox 243 2276 1409 2331">
     <span class='ocr_line' id='line_1_29' title="bbox 243 2276 1409 2331; baseline 0.003 -17"><span class='ocrx_word' id='word_1_256' title='bbox 243 2276 338 2315; x_wconf 71' lang='lat' dir='ltr'>Vll.</span> <span class='ocrx_word' id='word_1_257' title='bbox 370 2277 476 2327; x_wconf 73' lang='lat' dir='ltr'>ydus</span> <span class='ocrx_word' id='word_1_258' title='bbox 509 2278 706 2331; x_wconf 81' lang='lat' dir='ltr'>Augusti.</span> <span class='ocrx_word' id='word_1_259' title='bbox 741 2279 885 2331; x_wconf 88' lang='lat' dir='ltr'>Regni</span> <span class='ocrx_word' id='word_1_260' title='bbox 919 2280 1050 2318; x_wconf 87' lang='lat' dir='ltr'>nostri</span> <span class='ocrx_word' id='word_1_261' title='bbox 1083 2291 1190 2318; x_wconf 88' lang='lat' dir='ltr'>anno</span> <span class='ocrx_word' id='word_1_262' title='bbox 1225 2279 1409 2329; x_wconf 88' lang='lat' dir='ltr'>septimo.</span> 
     </span>
    </p>
   </div>
   <div class='ocr_carea' id='block_1_9' title="bbox 547 2388 1918 2432">
    <p class='ocr_par' dir='ltr' id='par_1_9' title="bbox 547 2388 1918 2432">
     <span class='ocr_line' id='line_1_30' title="bbox 547 2388 1918 2432; baseline 0.001 -12"><span class='ocrx_word' id='word_1_263' title='bbox 547 2388 601 2421; x_wconf 82' lang='lat' dir='ltr'>Ex</span> <span class='ocrx_word' id='word_1_264' title='bbox 624 2390 813 2432; x_wconf 83' lang='lat' dir='ltr'>originali</span> <span class='ocrx_word' id='word_1_265' title='bbox 835 2390 944 2421; x_wconf 84' lang='lat' dir='ltr'>mutilo</span> <span class='ocrx_word' id='word_1_266' title='bbox 967 2400 1038 2422; x_wconf 88' lang='lat' dir='ltr'>cnm</span> <span class='ocrx_word' id='word_1_267' title='bbox 1061 2390 1168 2432; x_wconf 81' lang='lat' dir='ltr'>sigillo</span> <span class='ocrx_word' id='word_1_268' title='bbox 1189 2390 1281 2422; x_wconf 85' lang='lat' dir='ltr'>laeso</span> <span class='ocrx_word' id='word_1_269' title='bbox 1304 2391 1335 2421; x_wconf 89' lang='lat' dir='ltr'>in</span> <span class='ocrx_word' id='word_1_270' title='bbox 1358 2389 1493 2422; x_wconf 87' lang='lat' dir='ltr'>archivo</span> <span class='ocrx_word' id='word_1_271' title='bbox 1517 2388 1607 2431; x_wconf 89' lang='lat' dir='ltr'>ejus</span> <span class='ocrx_word' id='word_1_272' title='bbox 1618 2388 1700 2421; x_wconf 86' lang='lat' dir='ltr'>dem</span> <span class='ocrx_word' id='word_1_273' title='bbox 1722 2390 1918 2423; x_wconf 85' lang='lat' dir='ltr'>monasterii.</span> 
     </span>
    </p>
   </div>
  </div>
 </body>
</html>
