2155 2928
924 222 990 264 73

40 370 165 425 regni
197 368 327 408 nostri
366 367 600 407 nullatenus
631 364 900 406 formidarunt
937 364 1093 415 pluries
1125 373 1197 403 res
1235 365 1277 403 et
1309 373 1462 413 corpus
1504 372 1720 413 exponere
1759 365 1801 402 et
1836 364 1881 402 in

36 437 225 490 yenerali
265 439 374 476 terre
415 437 557 474 nostre
592 446 669 486 per
718 434 993 473 Tartarorum
1038 433 1255 472 incursum
1301 432 1531 470 vastatione
1578 432 1699 470 etiam
1738 443 1881 470 eorum

40 507 187 546 ciuitas
218 505 408 543 maxima
439 515 496 542 ατ
524 505 644 554 parte
670 501 890 540 destructa.
924 504 965 540 et
988 501 1064 552 ipsi
1098 500 1149 539 ad
1180 502 1418 553 egestatem
1452 511 1533 538 non
1556 498 1753 538 modicam
1786 501 1882 538 sunt

39 573 225 626 perducti
263 572 314 612 ad
348 572 652 622 reparationem
693 571 831 620 itaque
873 580 1011 608 eorum
1050 568 1270 607 remedium
1309 567 1539 607 inuenimus
1580 566 1765 617 speciale
1805 577 1881 617 per

39 641 146 694 quod
179 644 221 680 et
252 640 384 679 honor
416 642 457 678 et
489 638 618 677 decus
651 641 793 676 nostre
825 637 1052 676 maiestatis
1077 639 1290 690 augeatur
1322 638 1364 675 et
1395 636 1513 674 ciues
1546 635 1721 686 predicti
1756 634 1881 674 dante

40 709 199 749 domino
233 707 285 746 de
317 707 454 757 inopia
486 705 539 745 ad
572 716 674 756 opes
707 705 987 744 subleuentur.
1051 703 1325 744 Concedimus
1357 704 1498 754 itaque
1530 704 1634 753 ipsis
1665 706 1712 742 ut
1743 702 1882 741 thelo-

40 788 158 818 neum
191 778 374 814 nostrum
397 774 505 825 quod
536 774 710 812 soluitur
741 785 767 812 a
794 772 1106 825 negotiantibus
1131 771 1443 811 transeuntibus
1470 783 1492 810 e
1516 772 1702 810 Potonia
1727 781 1880 809 versus

43 844 231 885 olomuc.
263 854 339 894 per
366 843 558 882 Kirnow.
590 844 631 880 et
655 840 925 880 Freudentat.
957 840 1162 889 recipiant
1185 850 1260 890 per
1291 840 1443 892 viginti
1469 840 1649 890 quinque
1683 850 1882 878 annorum

42 913 216 963 spatium
254 912 295 949 in
327 910 629 960 reparationem
669 909 846 947 ciuitatis
887 908 1066 958 ipsorum
1098 907 1218 946 salva
1257 910 1392 946 tamen
1432 908 1501 947 via
1541 918 1621 958 que
1661 906 1773 945 ducit
1805 917 1882 957 per

44 979 260 1031 opaviam.
324 978 426 1016 Item
466 977 636 1027 amplius
673 976 885 1030 largitatis
931 987 1090 1014 manum
1133 975 1409 1014 extendentes
1449 976 1551 1025 ipsis
1592 975 1644 1014 de
1685 975 1884 1028 argenti-

42 1045 192 1086 fodinis
225 1046 378 1084 nostris
412 1045 451 1083 in
484 1045 714 1083 Renesoue.
747 1042 911 1094 quando
943 1043 1000 1081 ad
1027 1044 1248 1094 pristinum
1290 1044 1438 1081 statam
1468 1043 1738 1094 ‘peruenerint
1769 1054 1884 1081 usum

43 1114 170 1166 quinti
193 1100 387 1152 ‘stollonis
429 1116 570 1163 preter
603 1111 799 1150 decimam
841 1111 1105 1150 concedimus
1143 1111 1185 1149 in
1218 1114 1472 1160 perpetuum.
1536 1109 1585 1151 Si
1624 1111 1715 1161 quis
1749 1114 1885 1149 autem

43 1181 254 1233 predictas
286 1180 546 1219 liberalitatis
588 1179 833 1218 donationes
865 1177 1099 1231 infringere
1141 1179 1438 1229 presumpserit
1471 1179 1608 1228 capite
1641 1178 1883 1228 priuabitur.

44 1252 87 1288 et
117 1260 206 1287 cum
246 1248 372 1287 rebus
405 1248 494 1286 eius
526 1247 627 1286 lesis
666 1242 916 1300 condignam
956 1245 1284 1286 satisfactionem
1315 1246 1514 1286 videlicet
1553 1246 1715 1297 duplum
1755 1247 1884 1285 resti-

43 1316 196 1356 tuendo
235 1314 446 1354 faciemus.
508 1315 554 1354 In
597 1315 713 1353 cuius
754 1316 816 1353 rei
854 1316 1124 1353 testimonium
1164 1319 1401 1365 presentem
1440 1315 1639 1367 paginam
1674 1314 1885 1353 conscribi

44 1388 86 1424 et
117 1384 245 1437 sigilli
279 1384 409 1422 nostri
440 1383 654 1421 munimine
685 1381 855 1421 fecimus
888 1383 1090 1421 roborari.
1145 1382 1300 1421 Testes
1333 1387 1469 1421 autem
1502 1385 1597 1420 sunt
1630 1382 1698 1420 hii.
1732 1382 1884 1421 &Vitco

44 1452 96 1491 de
128 1452 249 1490 Noua
288 1451 417 1489 domo.
450 1449 612 1489 Pardus
652 1451 906 1489 camerarius
946 1455 1102 1489 noster.
1145 1449 1338 1504 Nagrad.
1380 1450 1578 1489 Andreas
1613 1451 1884 1489 camerarius.

44 1519 162 1559 Milic
202 1522 244 1557 et
280 1518 395 1556 Ydik
433 1516 564 1556 frater
596 1518 699 1556 eius.
737 1518 924 1557 Beneda.
964 1517 1078 1558 Crho
1119 1519 1376 1571 purgrauius
1417 1518 1470 1556 de
1509 1517 1803 1568 Meydeberch
1843 1522 1885 1557 et

45 1587 113 1626 alii
145 1597 264 1637 quam
295 1585 448 1636 plures.
510 1585 661 1625 Datum
701 1586 742 1624 in
773 1586 946 1624 Brunna
984 1597 1059 1636 per
1090 1598 1233 1624 manus
1274 1586 1548 1624 Priznoborii.
1587 1586 1704 1624 curie
1736 1589 1882 1625 nostre

43 1654 206 1694 notarii.
268 1654 380 1692 Acta
411 1656 544 1692 autem
577 1657 672 1692 sunt
703 1653 795 1693 hec.
827 1654 950 1693 Anno
982 1654 1281 1693 incarnationis
1315 1653 1476 1692 domini.
1508 1653 1568 1693 Μ.
1590 1651 1679 1695 CC.
1699 1653 1881 1693 XLVII.

0 1751 1 1755 ,
44 1725 86 1762 et
117 1721 257 1774 quinto
288 1721 437 1760 Nonas
469 1721 586 1760 Maii.

350 1818 381 1850 E
404 1818 524 1860 copia
545 1826 615 1852 sec,
638 1817 714 1850 XV.
737 1819 769 1850 in
791 1819 883 1851 curia
905 1817 1140 1861 Opaviensi.

883 1984 1042 2028 XCIX.

44 2086 312 2126 Innocentius
348 2099 460 2138 papa
497 2087 576 2127 IV.
616 2087 749 2126 Petro
781 2087 1008 2149 cardinali,
1050 2090 1303 2140 apostoticae
1333 2089 1447 2129 sedis
1485 2090 1620 2141 lequto
1653 2091 1878 2139 committit,

44 2157 89 2193 ut
117 2155 174 2194 ad
209 2156 443 2206 petitionem
481 2157 595 2205 regis
626 2156 828 2194 Boe'miae
875 2156 1072 2197 Conrado
1120 2156 1170 2196 ab
1217 2158 1393 2197 ecclesia
1425 2158 1707 2198 -Olomucensi
1745 2162 1880 2198 amoto

70 2223 358 2274 possessiones
391 2222 593 2273 quaedam
624 2224 908 2275 conferantur.
954 2225 1027 2263 Dc.
1060 2225 1278 2277 Lugduni,
1318 2226 1364 2266 V.
1396 2226 1502 2265 Idus
1534 2225 1658 2278 Muli,
1698 2226 1848 2268 1247.

214 2314 493 2373 Innocentius
526 2334 746 2384 episcopus
779 2344 929 2373 seruus
961 2345 1174 2374 seruorum
1207 2334 1286 2374 dei.
1340 2335 1388 2374 P.
1421 2337 1556 2376 sancti
1589 2335 1794 2390 Gregorii
1825 2337 1880 2376 ad

43 2399 186 2439 velum'
209 2411 376 2439 aureum
409 2401 581 2439 diacono
614 2402 828 2455 cardinali,
861 2403 1087 2452 apostolice
1125 2402 1252 2443 Sedis
1290 2403 1437 2457 legato
1478 2404 1650 2444 salutem
1690 2408 1733 2444 et
1772 2417 1879 2456 apo-

10 2498 11 2502 ,
44 2467 228 2506 stolicam
252 2468 590 2507 benedictionem.
637 2469 707 2508 Ex
730 2474 849 2520 parte
877 2471 1079 2509 carissimi
1112 2471 1152 2509 in
1186 2469 1353 2510 Christo
1387 2470 1454 2510 filii
1487 2474 1617 2512 nostri
1651 2502 1660 2511 .
1693 2502 1703 2512 .
1735 2473 1878 2528 Regis

43 2534 211 2574 Boemie
244 2536 412 2574 illustris
450 2534 524 2576 fuit
555 2537 675 2576 nobis
713 2537 915 2577 humiliter
955 2539 1238 2592 supplicatum,
1278 2543 1322 2578 ut
1354 2551 1443 2579 cum
1487 2540 1725 2592 Com-udus,
1760 2553 1878 2592 quem

45 2602 98 2642 ab
130 2604 312 2644 ecclesia
346 2604 612 2645 olomucensi
643 2605 869 2646 iamdudum
910 2607 1145 2661 amouimus,
1179 2611 1316 2647 castra
1350 2611 1391 2648 et
1423 2609 1518 2664 alia,
1559 2620 1639 2661 que
1673 2609 1725 2648 de
1760 2610 1878 2649 bonis

1608 2677 1671 2717 10
