<?xml version="1.0" encoding="UTF-8"?>
<!DOCTYPE html PUBLIC "-//W3C//DTD XHTML 1.0 Transitional//EN"
    "http://www.w3.org/TR/xhtml1/DTD/xhtml1-transitional.dtd">
<html xmlns="http://www.w3.org/1999/xhtml" xml:lang="en" lang="en">
 <head>
  <title>
</title>
<meta http-equiv="Content-Type" content="text/html;charset=utf-8" />
  <meta name='ocr-system' content='tesseract 3.04.00' />
  <meta name='ocr-capabilities' content='ocr_page ocr_carea ocr_par ocr_line ocrx_word'/>
</head>
<body>
  <div class='ocr_page' id='page_1' title='image "./codexdiplomaticu03morauoft_0234.png"; bbox 0 0 2155 2928; ppageno 0'>
   <div class='ocr_carea' id='block_1_1' title="bbox 995 192 1299 253">
    <p class='ocr_par' dir='ltr' id='par_1_1' title="bbox 995 192 1299 253">
     <span class='ocr_line' id='line_1_1' title="bbox 995 192 1299 253; baseline -0.003 0"><span class='ocrx_word' id='word_1_1' title='bbox 995 192 1299 253; x_wconf 49' lang='lat'><strong>*3⁷2-</strong></span> 
     </span>
    </p>
   </div>
   <div class='ocr_carea' id='block_1_2' title="bbox 221 330 2064 2209">
    <p class='ocr_par' dir='ltr' id='par_1_2' title="bbox 221 330 2064 2209">
     <span class='ocr_line' id='line_1_2' title="bbox 229 330 2062 388; baseline -0.001 -10"><span class='ocrx_word' id='word_1_2' title='bbox 229 349 404 378; x_wconf 88' lang='lat' dir='ltr'><strong>cessura</strong></span> <span class='ocrx_word' id='word_1_3' title='bbox 431 338 670 388; x_wconf 88' lang='lat' dir='ltr'><strong>posteritas,</strong></span> <span class='ocrx_word' id='word_1_4' title='bbox 696 336 804 387; x_wconf 89' lang='lat' dir='ltr'><strong>quod</strong></span> <span class='ocrx_word' id='word_1_5' title='bbox 829 345 904 373; x_wconf 89' lang='lat' dir='ltr'><strong>nos</strong></span> <span class='ocrx_word' id='word_1_6' title='bbox 922 331 1201 373; x_wconf 85' lang='lat' dir='ltr'><strong>Anshaelmus</strong></span> <span class='ocrx_word' id='word_1_7' title='bbox 1223 330 1456 380; x_wconf 79' lang='lat' dir='ltr'><strong>Episcopus</strong></span> <span class='ocrx_word' id='word_1_8' title='bbox 1483 330 1535 369; x_wconf 92' lang='lat' dir='ltr'><strong>de</strong></span> <span class='ocrx_word' id='word_1_9' title='bbox 1559 342 1767 371; x_wconf 88' lang='lat' dir='ltr'><strong>consensu</strong></span> <span class='ocrx_word' id='word_1_10' title='bbox 1786 335 1827 371; x_wconf 88' lang='lat' dir='ltr'><strong>et</strong></span> <span class='ocrx_word' id='word_1_11' title='bbox 1852 334 2062 376; x_wconf 83' lang='lat' dir='ltr'><strong>uoluntate</strong></span> 
     </span>
     <span class='ocr_line' id='line_1_3' title="bbox 228 398 2062 458; baseline -0.002 -13"><span class='ocrx_word' id='word_1_12' title='bbox 228 406 481 445; x_wconf 87' lang='lat' dir='ltr'><strong>uenerabilis</strong></span> <span class='ocrx_word' id='word_1_13' title='bbox 530 405 659 455; x_wconf 85' lang='lat' dir='ltr'><strong>patris</strong></span> <span class='ocrx_word' id='word_1_14' title='bbox 700 407 740 442; x_wconf 88' lang='lat' dir='ltr'><strong>et</strong></span> <span class='ocrx_word' id='word_1_15' title='bbox 787 402 934 441; x_wconf 88' lang='lat' dir='ltr'><strong>domini</strong></span> <span class='ocrx_word' id='word_1_16' title='bbox 975 399 1186 439; x_wconf 84' lang='lat' dir='ltr'><strong>Brvnonis</strong></span> <span class='ocrx_word' id='word_1_17' title='bbox 1232 398 1299 436; x_wconf 91' lang='lat' dir='ltr'><strong>dei</strong></span> <span class='ocrx_word' id='word_1_18' title='bbox 1345 399 1488 451; x_wconf 81' lang='lat' dir='ltr'><strong>gratia</strong></span> <span class='ocrx_word' id='word_1_19' title='bbox 1528 398 1814 438; x_wconf 86' lang='lat' dir='ltr'><strong>olomucensis</strong></span> <span class='ocrx_word' id='word_1_20' title='bbox 1854 402 2062 458; x_wconf 75' lang='lat' dir='ltr'>Episcopi,</span> 
     </span>
     <span class='ocr_line' id='line_1_4' title="bbox 228 466 2060 518; baseline -0.002 -4"><span class='ocrx_word' id='word_1_21' title='bbox 228 474 425 514; x_wconf 81' lang='lat' dir='ltr'><strong>Ecclesie</strong></span> <span class='ocrx_word' id='word_1_22' title='bbox 457 475 497 511; x_wconf 88' lang='lat' dir='ltr'><strong>in</strong></span> <span class='ocrx_word' id='word_1_23' title='bbox 528 472 696 513; x_wconf 77' lang='lat' dir='ltr'><strong>Slihm&#39;z</strong></span> <span class='ocrx_word' id='word_1_24' title='bbox 728 481 870 509; x_wconf 86' lang='lat' dir='ltr'><strong>manus</strong></span> <span class='ocrx_word' id='word_1_25' title='bbox 894 466 1224 506; x_wconf 85' lang='lat' dir='ltr'><strong>consecrationis</strong></span> <span class='ocrx_word' id='word_1_26' title='bbox 1254 466 1528 518; x_wconf 70' lang='lat' dir='ltr'><strong>imposuimus,</strong></span> <span class='ocrx_word' id='word_1_27' title='bbox 1562 477 1681 517; x_wconf 84' lang='lat' dir='ltr'><strong>quam</strong></span> <span class='ocrx_word' id='word_1_28' title='bbox 1713 468 1834 506; x_wconf 86' lang='lat' dir='ltr'><strong>etiam</strong></span> <span class='ocrx_word' id='word_1_29' title='bbox 1859 469 2060 510; x_wconf 78' lang='lat' dir='ltr'><strong>limitatam</strong></span> 
     </span>
     <span class='ocr_line' id='line_1_5' title="bbox 228 533 2063 587; baseline -0.002 -7"><span class='ocrx_word' id='word_1_30' title='bbox 228 545 271 580; x_wconf 91' lang='lat' dir='ltr'><strong>et</strong></span> <span class='ocrx_word' id='word_1_31' title='bbox 302 541 479 580; x_wconf 84' lang='lat' dir='ltr'><strong>dotatam</strong></span> <span class='ocrx_word' id='word_1_32' title='bbox 513 538 616 578; x_wconf 83' lang='lat' dir='ltr'><strong>infra</strong></span> <span class='ocrx_word' id='word_1_33' title='bbox 649 538 834 587; x_wconf 87' lang='lat' dir='ltr'><strong>scriptis:</strong></span> <span class='ocrx_word' id='word_1_34' title='bbox 868 535 1028 574; x_wconf 89' lang='lat' dir='ltr'><strong>duobus</strong></span> <span class='ocrx_word' id='word_1_35' title='bbox 1060 533 1195 572; x_wconf 87' lang='lat' dir='ltr'><strong>laneis</strong></span> <span class='ocrx_word' id='word_1_36' title='bbox 1229 534 1270 572; x_wconf 89' lang='lat' dir='ltr'><strong>in</strong></span> <span class='ocrx_word' id='word_1_37' title='bbox 1302 533 1445 573; x_wconf 86' lang='lat' dir='ltr'><strong>eadem</strong></span> <span class='ocrx_word' id='word_1_38' title='bbox 1478 533 1575 572; x_wconf 87' lang='lat' dir='ltr'><strong>uilla</strong></span> <span class='ocrx_word' id='word_1_39' title='bbox 1608 538 1650 574; x_wconf 89' lang='lat' dir='ltr'><strong>et</strong></span> <span class='ocrx_word' id='word_1_40' title='bbox 1680 535 1816 574; x_wconf 89' lang='lat' dir='ltr'><strong>uineis</strong></span> <span class='ocrx_word' id='word_1_41' title='bbox 1849 547 1928 586; x_wconf 90' lang='lat' dir='ltr'><strong>que</strong></span> <span class='ocrx_word' id='word_1_42' title='bbox 1953 549 2063 578; x_wconf 88' lang='lat' dir='ltr'><strong>mons</strong></span> 
     </span>
     <span class='ocr_line' id='line_1_6' title="bbox 228 600 2062 658; baseline -0.001 -11"><span class='ocrx_word' id='word_1_43' title='bbox 228 608 334 647; x_wconf 87' lang='lat' dir='ltr'><strong>dotis</strong></span> <span class='ocrx_word' id='word_1_44' title='bbox 367 608 646 658; x_wconf 66' lang='lat' dir='ltr'><strong>appellantur,</strong></span> <span class='ocrx_word' id='word_1_45' title='bbox 686 617 774 644; x_wconf 89' lang='lat' dir='ltr'><strong>cum</strong></span> <span class='ocrx_word' id='word_1_46' title='bbox 814 605 902 641; x_wconf 90' lang='lat' dir='ltr'><strong>iure</strong></span> <span class='ocrx_word' id='word_1_47' title='bbox 945 601 1053 653; x_wconf 90' lang='lat' dir='ltr'><strong>quod</strong></span> <span class='ocrx_word' id='word_1_48' title='bbox 1094 600 1331 640; x_wconf 88' lang='lat' dir='ltr'><strong>Berchreht</strong></span> <span class='ocrx_word' id='word_1_49' title='bbox 1368 604 1649 655; x_wconf 89' lang='lat' dir='ltr'><strong>nuncupatur,</strong></span> <span class='ocrx_word' id='word_1_50' title='bbox 1688 605 1730 641; x_wconf 88' lang='lat' dir='ltr'><strong>et</strong></span> <span class='ocrx_word' id='word_1_51' title='bbox 1769 614 1858 641; x_wconf 91' lang='lat' dir='ltr'><strong>cum</strong></span> <span class='ocrx_word' id='word_1_52' title='bbox 1900 604 2062 646; x_wconf 82' lang='lat' dir='ltr'><strong>decimis</strong></span> 
     </span>
     <span class='ocr_line' id='line_1_7' title="bbox 228 668 2063 726; baseline -0.001 -12"><span class='ocrx_word' id='word_1_53' title='bbox 228 677 407 726; x_wconf 91' lang='lat' dir='ltr'><strong>ipsarum</strong></span> <span class='ocrx_word' id='word_1_54' title='bbox 448 676 658 713; x_wconf 83' lang='lat' dir='ltr'><strong>uinearum</strong></span> <span class='ocrx_word' id='word_1_55' title='bbox 698 671 907 722; x_wconf 85' lang='lat' dir='ltr'><strong>plenariis.</strong></span> <span class='ocrx_word' id='word_1_56' title='bbox 978 670 1078 708; x_wconf 86' lang='lat' dir='ltr'><strong>Item</strong></span> <span class='ocrx_word' id='word_1_57' title='bbox 1118 680 1208 707; x_wconf 91' lang='lat' dir='ltr'><strong>cum</strong></span> <span class='ocrx_word' id='word_1_58' title='bbox 1248 668 1411 708; x_wconf 87' lang='lat' dir='ltr'><strong>dimidia</strong></span> <span class='ocrx_word' id='word_1_59' title='bbox 1451 670 1577 708; x_wconf 82' lang='lat' dir='ltr'><strong>vinea</strong></span> <span class='ocrx_word' id='word_1_60' title='bbox 1617 670 1659 708; x_wconf 88' lang='lat' dir='ltr'><strong>in</strong></span> <span class='ocrx_word' id='word_1_61' title='bbox 1697 671 1897 710; x_wconf 74' lang='lat' dir='ltr'><strong>Maratiz.</strong></span> <span class='ocrx_word' id='word_1_62' title='bbox 1965 672 2063 714; x_wconf 87' lang='lat' dir='ltr'><strong>Item</strong></span> 
     </span>
     <span class='ocr_line' id='line_1_8' title="bbox 226 734 2064 790; baseline -0.001 -8"><span class='ocrx_word' id='word_1_63' title='bbox 226 755 316 782; x_wconf 90' lang='lat' dir='ltr'><strong>cum</strong></span> <span class='ocrx_word' id='word_1_64' title='bbox 349 742 515 781; x_wconf 84' lang='lat' dir='ltr'><strong>decimis</strong></span> <span class='ocrx_word' id='word_1_65' title='bbox 547 740 743 790; x_wconf 84' lang='lat' dir='ltr'><strong>plenariis</strong></span> <span class='ocrx_word' id='word_1_66' title='bbox 776 739 816 776; x_wconf 88' lang='lat' dir='ltr'><strong>in</strong></span> <span class='ocrx_word' id='word_1_67' title='bbox 848 736 1016 777; x_wconf 73' lang='lat' dir='ltr'><strong>Slihniz</strong></span> <span class='ocrx_word' id='word_1_68' title='bbox 1054 734 1222 789; x_wconf 78' lang='lat' dir='ltr'><strong>frugum</strong></span> <span class='ocrx_word' id='word_1_69' title='bbox 1261 739 1303 775; x_wconf 92' lang='lat' dir='ltr'><strong>et</strong></span> <span class='ocrx_word' id='word_1_70' title='bbox 1339 736 1581 775; x_wconf 89' lang='lat' dir='ltr'><strong>animalium.</strong></span> <span class='ocrx_word' id='word_1_71' title='bbox 1642 737 1744 777; x_wconf 85' lang='lat' dir='ltr'><strong>Item</strong></span> <span class='ocrx_word' id='word_1_72' title='bbox 1777 749 1867 777; x_wconf 88' lang='lat' dir='ltr'><strong>cum</strong></span> <span class='ocrx_word' id='word_1_73' title='bbox 1899 739 2064 782; x_wconf 81' lang='lat' dir='ltr'><strong>decimis</strong></span> 
     </span>
     <span class='ocr_line' id='line_1_9' title="bbox 226 802 2064 849; baseline -0.001 0"><span class='ocrx_word' id='word_1_74' title='bbox 226 811 322 849; x_wconf 91' lang='lat' dir='ltr'><strong>uille</strong></span> <span class='ocrx_word' id='word_1_75' title='bbox 354 809 546 848; x_wconf 79' lang='lat' dir='ltr'><strong>Maratiz.</strong></span> <span class='ocrx_word' id='word_1_76' title='bbox 599 807 698 846; x_wconf 84' lang='lat' dir='ltr'><strong>Item</strong></span> <span class='ocrx_word' id='word_1_77' title='bbox 731 817 819 843; x_wconf 90' lang='lat' dir='ltr'><strong>cum</strong></span> <span class='ocrx_word' id='word_1_78' title='bbox 852 804 1020 843; x_wconf 86' lang='lat' dir='ltr'><strong>decimis</strong></span> <span class='ocrx_word' id='word_1_79' title='bbox 1053 804 1093 842; x_wconf 92' lang='lat' dir='ltr'><strong>in</strong></span> <span class='ocrx_word' id='word_1_80' title='bbox 1127 802 1253 843; x_wconf 78' lang='lat' dir='ltr'><strong>Gerz.</strong></span> <span class='ocrx_word' id='word_1_81' title='bbox 1286 807 1328 844; x_wconf 88' lang='lat' dir='ltr'><strong>et</strong></span> <span class='ocrx_word' id='word_1_82' title='bbox 1359 815 1447 843; x_wconf 93' lang='lat' dir='ltr'><strong>cum</strong></span> <span class='ocrx_word' id='word_1_83' title='bbox 1481 803 1650 843; x_wconf 86' lang='lat' dir='ltr'><strong>decimis</strong></span> <span class='ocrx_word' id='word_1_84' title='bbox 1682 805 1724 844; x_wconf 88' lang='lat' dir='ltr'><strong>in</strong></span> <span class='ocrx_word' id='word_1_85' title='bbox 1755 804 1925 846; x_wconf 75' lang='lat' dir='ltr'><strong>Strielz.</strong></span> <span class='ocrx_word' id='word_1_86' title='bbox 1966 808 2064 848; x_wconf 88' lang='lat' dir='ltr'><strong>Item</strong></span> 
     </span>
     <span class='ocr_line' id='line_1_10' title="bbox 226 872 2064 924; baseline -0.001 -7"><span class='ocrx_word' id='word_1_87' title='bbox 226 890 316 917; x_wconf 89' lang='lat' dir='ltr'><strong>cum</strong></span> <span class='ocrx_word' id='word_1_88' title='bbox 349 877 516 915; x_wconf 88' lang='lat' dir='ltr'><strong>decimis</strong></span> <span class='ocrx_word' id='word_1_89' title='bbox 548 877 588 913; x_wconf 90' lang='lat' dir='ltr'><strong>in</strong></span> <span class='ocrx_word' id='word_1_90' title='bbox 620 873 797 924; x_wconf 76' lang='lat' dir='ltr'><strong>Spaniz.</strong></span> <span class='ocrx_word' id='word_1_91' title='bbox 860 872 1091 910; x_wconf 85' lang='lat' dir='ltr'><strong>Pretaxata</strong></span> <span class='ocrx_word' id='word_1_92' title='bbox 1132 872 1265 910; x_wconf 89' lang='lat' dir='ltr'><strong>omnia</strong></span> <span class='ocrx_word' id='word_1_93' title='bbox 1304 883 1394 910; x_wconf 93' lang='lat' dir='ltr'><strong>cum</strong></span> <span class='ocrx_word' id='word_1_94' title='bbox 1433 872 1525 910; x_wconf 90' lang='lat' dir='ltr'><strong>aliis</strong></span> <span class='ocrx_word' id='word_1_95' title='bbox 1564 872 1791 912; x_wconf 86' lang='lat' dir='ltr'><strong>attinentiis</strong></span> <span class='ocrx_word' id='word_1_96' title='bbox 1833 875 1940 913; x_wconf 89' lang='lat' dir='ltr'><strong>sicut</strong></span> <span class='ocrx_word' id='word_1_97' title='bbox 1978 885 2064 916; x_wconf 83' lang='lat' dir='ltr'><strong>eam</strong></span> 
     </span>
     <span class='ocr_line' id='line_1_11' title="bbox 226 939 2063 992; baseline -0.001 -9"><span class='ocrx_word' id='word_1_98' title='bbox 226 946 305 983; x_wconf 88' lang='lat' dir='ltr'><strong>rite</strong></span> <span class='ocrx_word' id='word_1_99' title='bbox 354 955 404 982; x_wconf 90' lang='lat' dir='ltr'><strong>ac</strong></span> <span class='ocrx_word' id='word_1_100' title='bbox 452 940 751 981; x_wconf 87' lang='lat' dir='ltr'><strong>rationabiliter</strong></span> <span class='ocrx_word' id='word_1_101' title='bbox 796 940 874 978; x_wconf 89' lang='lat' dir='ltr'><strong>sub</strong></span> <span class='ocrx_word' id='word_1_102' title='bbox 919 939 1125 992; x_wconf 81' lang='lat' dir='ltr'><strong>regimine</strong></span> <span class='ocrx_word' id='word_1_103' title='bbox 1172 939 1319 978; x_wconf 89' lang='lat' dir='ltr'><strong>domini</strong></span> <span class='ocrx_word' id='word_1_104' title='bbox 1365 939 1606 978; x_wconf 88' lang='lat' dir='ltr'><strong>Volchmari</strong></span> <span class='ocrx_word' id='word_1_105' title='bbox 1654 940 1839 980; x_wconf 89' lang='lat' dir='ltr'><strong>eiusdem</strong></span> <span class='ocrx_word' id='word_1_106' title='bbox 1886 942 2063 984; x_wconf 87' lang='lat' dir='ltr'><strong>ecclesie</strong></span> 
     </span>
     <span class='ocr_line' id='line_1_12' title="bbox 225 1005 2062 1066; baseline -0.001 -16"><span class='ocrx_word' id='word_1_107' title='bbox 225 1011 401 1063; x_wconf 86' lang='lat' dir='ltr'><strong>plebani,</strong></span> <span class='ocrx_word' id='word_1_108' title='bbox 435 1021 551 1060; x_wconf 89' lang='lat' dir='ltr'><strong>quem</strong></span> <span class='ocrx_word' id='word_1_109' title='bbox 584 1008 770 1058; x_wconf 83' lang='lat' dir='ltr'><strong>predicte</strong></span> <span class='ocrx_word' id='word_1_110' title='bbox 795 1007 993 1046; x_wconf 84' lang='lat' dir='ltr'><strong>Ecclesie</strong></span> <span class='ocrx_word' id='word_1_111' title='bbox 1027 1011 1069 1045; x_wconf 90' lang='lat' dir='ltr'><strong>et</strong></span> <span class='ocrx_word' id='word_1_112' title='bbox 1101 1007 1208 1046; x_wconf 89' lang='lat' dir='ltr'><strong>dotis</strong></span> <span class='ocrx_word' id='word_1_113' title='bbox 1235 1005 1447 1057; x_wconf 89' lang='lat' dir='ltr'><strong>pacificum</strong></span> <span class='ocrx_word' id='word_1_114' title='bbox 1480 1010 1522 1046; x_wconf 90' lang='lat' dir='ltr'><strong>et</strong></span> <span class='ocrx_word' id='word_1_115' title='bbox 1553 1007 1730 1058; x_wconf 92' lang='lat' dir='ltr'><strong>quietum</strong></span> <span class='ocrx_word' id='word_1_116' title='bbox 1763 1019 2062 1066; x_wconf 77' lang='lat' dir='ltr'><strong>possessorem,</strong></span> 
     </span>
     <span class='ocr_line' id='line_1_13' title="bbox 224 1073 2062 1126; baseline 0 -9"><span class='ocrx_word' id='word_1_117' title='bbox 224 1089 303 1117; x_wconf 91' lang='lat' dir='ltr'><strong>nec</strong></span> <span class='ocrx_word' id='word_1_118' title='bbox 344 1089 426 1116; x_wconf 89' lang='lat' dir='ltr'><strong>non</strong></span> <span class='ocrx_word' id='word_1_119' title='bbox 467 1076 690 1126; x_wconf 85' lang='lat' dir='ltr'><strong>predictam</strong></span> <span class='ocrx_word' id='word_1_120' title='bbox 730 1075 964 1114; x_wconf 82' lang='lat' dir='ltr'><strong>Ecclesiam</strong></span> <span class='ocrx_word' id='word_1_121' title='bbox 1004 1074 1202 1114; x_wconf 86' lang='lat' dir='ltr'><strong>videlicet</strong></span> <span class='ocrx_word' id='word_1_122' title='bbox 1240 1073 1373 1114; x_wconf 84' lang='lat' dir='ltr'><strong>felicis</strong></span> <span class='ocrx_word' id='word_1_123' title='bbox 1414 1074 1718 1114; x_wconf 88' lang='lat' dir='ltr'><strong>recordationis</strong></span> <span class='ocrx_word' id='word_1_124' title='bbox 1758 1075 1907 1115; x_wconf 91' lang='lat' dir='ltr'><strong>domini</strong></span> <span class='ocrx_word' id='word_1_125' title='bbox 1947 1077 2062 1117; x_wconf 90' lang='lat' dir='ltr'><strong>Rud-</strong></span> 
     </span>
     <span class='ocr_line' id='line_1_14' title="bbox 224 1142 2063 1197; baseline 0.001 -13"><span class='ocrx_word' id='word_1_126' title='bbox 224 1146 329 1197; x_wconf 88' lang='lat' dir='ltr'><strong>perti</strong></span> <span class='ocrx_word' id='word_1_127' title='bbox 363 1143 648 1184; x_wconf 80' lang='lat' dir='ltr'><strong>olomucensis</strong></span> <span class='ocrx_word' id='word_1_128' title='bbox 681 1143 881 1193; x_wconf 85' lang='lat' dir='ltr'><strong>Episcopi</strong></span> <span class='ocrx_word' id='word_1_129' title='bbox 914 1146 955 1182; x_wconf 90' lang='lat' dir='ltr'><strong>et</strong></span> <span class='ocrx_word' id='word_1_130' title='bbox 993 1143 1257 1182; x_wconf 88' lang='lat' dir='ltr'><strong>successoris</strong></span> <span class='ocrx_word' id='word_1_131' title='bbox 1296 1143 1360 1181; x_wconf 88' lang='lat' dir='ltr'><strong>sui</strong></span> <span class='ocrx_word' id='word_1_132' title='bbox 1399 1153 1503 1192; x_wconf 90' lang='lat' dir='ltr'><strong>sepe</strong></span> <span class='ocrx_word' id='word_1_133' title='bbox 1536 1142 1633 1181; x_wconf 89' lang='lat' dir='ltr'><strong>dicti</strong></span> <span class='ocrx_word' id='word_1_134' title='bbox 1675 1142 1822 1182; x_wconf 89' lang='lat' dir='ltr'><strong>domini</strong></span> <span class='ocrx_word' id='word_1_135' title='bbox 1860 1144 2063 1185; x_wconf 89' lang='lat' dir='ltr'><strong>Brunonis</strong></span> 
     </span>
     <span class='ocr_line' id='line_1_15' title="bbox 223 1209 2062 1264; baseline 0 -13"><span class='ocrx_word' id='word_1_136' title='bbox 223 1214 420 1263; x_wconf 82' lang='lat' dir='ltr'><strong>Episcopi</strong></span> <span class='ocrx_word' id='word_1_137' title='bbox 453 1210 740 1250; x_wconf 92' lang='lat' dir='ltr'><strong>Olumucensis</strong></span> <span class='ocrx_word' id='word_1_138' title='bbox 774 1211 971 1249; x_wconf 82' lang='lat' dir='ltr'><strong>Ecclesie</strong></span> <span class='ocrx_word' id='word_1_139' title='bbox 1004 1214 1046 1250; x_wconf 89' lang='lat' dir='ltr'><strong>et</strong></span> <span class='ocrx_word' id='word_1_140' title='bbox 1078 1209 1257 1260; x_wconf 83' lang='lat' dir='ltr'><strong>Capituli</strong></span> <span class='ocrx_word' id='word_1_141' title='bbox 1294 1209 1513 1249; x_wconf 85' lang='lat' dir='ltr'><strong>sullicienti</strong></span> <span class='ocrx_word' id='word_1_142' title='bbox 1552 1211 1766 1264; x_wconf 87' lang='lat' dir='ltr'><strong>cautione,</strong></span> <span class='ocrx_word' id='word_1_143' title='bbox 1806 1222 1858 1250; x_wconf 91' lang='lat' dir='ltr'><strong>ac</strong></span> <span class='ocrx_word' id='word_1_144' title='bbox 1898 1213 2062 1263; x_wconf 91' lang='lat' dir='ltr'><strong>priuile—</strong></span> 
     </span>
     <span class='ocr_line' id='line_1_16' title="bbox 222 1278 2061 1335; baseline 0.001 -17"><span class='ocrx_word' id='word_1_145' title='bbox 222 1281 385 1334; x_wconf 85' lang='lat' dir='ltr'><strong>giorum</strong></span> <span class='ocrx_word' id='word_1_146' title='bbox 417 1279 631 1317; x_wconf 88' lang='lat' dir='ltr'><strong>munimine</strong></span> <span class='ocrx_word' id='word_1_147' title='bbox 664 1278 899 1317; x_wconf 83' lang='lat' dir='ltr'><strong>roboratam</strong></span> <span class='ocrx_word' id='word_1_148' title='bbox 931 1279 1174 1331; x_wconf 87' lang='lat' dir='ltr'><strong>inuenimus,</strong></span> <span class='ocrx_word' id='word_1_149' title='bbox 1210 1279 1459 1328; x_wconf 85' lang='lat' dir='ltr'><strong>presentium</strong></span> <span class='ocrx_word' id='word_1_150' title='bbox 1492 1279 1739 1318; x_wconf 88' lang='lat' dir='ltr'><strong>auctoritate</strong></span> <span class='ocrx_word' id='word_1_151' title='bbox 1772 1279 2061 1335; x_wconf 87' lang='lat' dir='ltr'><strong>dedicauimus,</strong></span> 
     </span>
     <span class='ocr_line' id='line_1_17' title="bbox 221 1346 2063 1398; baseline 0.001 -11"><span class='ocrx_word' id='word_1_152' title='bbox 221 1358 324 1398; x_wconf 89' lang='lat' dir='ltr'><strong>sepe</strong></span> <span class='ocrx_word' id='word_1_153' title='bbox 357 1347 502 1386; x_wconf 90' lang='lat' dir='ltr'><strong>dictam</strong></span> <span class='ocrx_word' id='word_1_154' title='bbox 536 1347 657 1385; x_wconf 90' lang='lat' dir='ltr'><strong>etiam</strong></span> <span class='ocrx_word' id='word_1_155' title='bbox 689 1346 925 1385; x_wconf 78' lang='lat' dir='ltr'><strong>Ecclesiam</strong></span> <span class='ocrx_word' id='word_1_156' title='bbox 957 1357 1046 1384; x_wconf 92' lang='lat' dir='ltr'><strong>cum</strong></span> <span class='ocrx_word' id='word_1_157' title='bbox 1080 1346 1175 1385; x_wconf 90' lang='lat' dir='ltr'><strong>dote</strong></span> <span class='ocrx_word' id='word_1_158' title='bbox 1209 1350 1250 1385; x_wconf 90' lang='lat' dir='ltr'><strong>et</strong></span> <span class='ocrx_word' id='word_1_159' title='bbox 1282 1346 1373 1384; x_wconf 88' lang='lat' dir='ltr'><strong>aliis</strong></span> <span class='ocrx_word' id='word_1_160' title='bbox 1407 1346 1635 1385; x_wconf 84' lang='lat' dir='ltr'><strong>attinentiis</strong></span> <span class='ocrx_word' id='word_1_161' title='bbox 1667 1347 1744 1385; x_wconf 91' lang='lat' dir='ltr'><strong>sub</strong></span> <span class='ocrx_word' id='word_1_162' title='bbox 1773 1349 2063 1397; x_wconf 90' lang='lat' dir='ltr'><strong>protectionem</strong></span> 
     </span>
     <span class='ocr_line' id='line_1_18' title="bbox 222 1414 2062 1465; baseline 0.001 -11"><span class='ocrx_word' id='word_1_163' title='bbox 222 1415 507 1465; x_wconf 88' lang='lat' dir='ltr'><strong>omnipotentis</strong></span> <span class='ocrx_word' id='word_1_164' title='bbox 540 1414 606 1452; x_wconf 92' lang='lat' dir='ltr'><strong>dei</strong></span> <span class='ocrx_word' id='word_1_165' title='bbox 640 1417 682 1453; x_wconf 92' lang='lat' dir='ltr'><strong>et</strong></span> <span class='ocrx_word' id='word_1_166' title='bbox 714 1414 928 1453; x_wconf 86' lang='lat' dir='ltr'><strong>beatorum</strong></span> <span class='ocrx_word' id='word_1_167' title='bbox 958 1414 1249 1464; x_wconf 89' lang='lat' dir='ltr'><strong>Apostolorum</strong></span> <span class='ocrx_word' id='word_1_168' title='bbox 1282 1414 1396 1452; x_wconf 88' lang='lat' dir='ltr'><strong>Petri</strong></span> <span class='ocrx_word' id='word_1_169' title='bbox 1432 1418 1473 1452; x_wconf 91' lang='lat' dir='ltr'><strong>et</strong></span> <span class='ocrx_word' id='word_1_170' title='bbox 1505 1414 1624 1452; x_wconf 89' lang='lat' dir='ltr'><strong>Pauli</strong></span> <span class='ocrx_word' id='word_1_171' title='bbox 1658 1418 1700 1453; x_wconf 91' lang='lat' dir='ltr'><strong>et</strong></span> <span class='ocrx_word' id='word_1_172' title='bbox 1732 1419 1913 1454; x_wconf 89' lang='lat' dir='ltr'><strong>nostram</strong></span> <span class='ocrx_word' id='word_1_173' title='bbox 1943 1427 2062 1456; x_wconf 87' lang='lat' dir='ltr'><strong>rece-</strong></span> 
     </span>
     <span class='ocr_line' id='line_1_19' title="bbox 223 1481 2060 1533; baseline 0.002 -13"><span class='ocrx_word' id='word_1_174' title='bbox 223 1484 349 1533; x_wconf 89' lang='lat' dir='ltr'><strong>pimus</strong></span> <span class='ocrx_word' id='word_1_175' title='bbox 376 1493 517 1520; x_wconf 90' lang='lat' dir='ltr'><strong>omnes</strong></span> <span class='ocrx_word' id='word_1_176' title='bbox 550 1483 770 1521; x_wconf 87' lang='lat' dir='ltr'><strong>inuasores</strong></span> <span class='ocrx_word' id='word_1_177' title='bbox 795 1493 873 1520; x_wconf 90' lang='lat' dir='ltr'><strong>sev</strong></span> <span class='ocrx_word' id='word_1_178' title='bbox 906 1482 1012 1520; x_wconf 86' lang='lat' dir='ltr'><strong>dotis</strong></span> <span class='ocrx_word' id='word_1_179' title='bbox 1046 1482 1136 1520; x_wconf 85' lang='lat' dir='ltr'><strong>eius</strong></span> <span class='ocrx_word' id='word_1_180' title='bbox 1169 1482 1423 1519; x_wconf 87' lang='lat' dir='ltr'><strong>alienatores</strong></span> <span class='ocrx_word' id='word_1_181' title='bbox 1456 1481 1619 1531; x_wconf 91' lang='lat' dir='ltr'><strong>publice</strong></span> <span class='ocrx_word' id='word_1_182' title='bbox 1645 1484 2060 1523; x_wconf 81' lang='lat' dir='ltr'><strong>excommunicantes.</strong></span> 
     </span>
     <span class='ocr_line' id='line_1_20' title="bbox 225 1547 2062 1591; baseline 0.001 -2"><span class='ocrx_word' id='word_1_183' title='bbox 225 1550 357 1589; x_wconf 91' lang='lat' dir='ltr'><strong>Huius</strong></span> <span class='ocrx_word' id='word_1_184' title='bbox 391 1550 450 1588; x_wconf 89' lang='lat' dir='ltr'><strong>rei</strong></span> <span class='ocrx_word' id='word_1_185' title='bbox 483 1554 616 1588; x_wconf 87' lang='lat' dir='ltr'><strong>testes</strong></span> <span class='ocrx_word' id='word_1_186' title='bbox 649 1554 756 1588; x_wconf 82' lang='lat' dir='ltr'><strong>sunt.</strong></span> <span class='ocrx_word' id='word_1_187' title='bbox 804 1550 956 1588; x_wconf 86' lang='lat' dir='ltr'><strong>Frater</strong></span> <span class='ocrx_word' id='word_1_188' title='bbox 987 1547 1168 1589; x_wconf 85' lang='lat' dir='ltr'><strong>Sifridus</strong></span> <span class='ocrx_word' id='word_1_189' title='bbox 1201 1549 1252 1587; x_wconf 91' lang='lat' dir='ltr'><strong>de</strong></span> <span class='ocrx_word' id='word_1_190' title='bbox 1288 1549 1418 1587; x_wconf 86' lang='lat' dir='ltr'><strong>Domo</strong></span> <span class='ocrx_word' id='word_1_191' title='bbox 1451 1549 1687 1587; x_wconf 87' lang='lat' dir='ltr'><strong>devtonica.</strong></span> <span class='ocrx_word' id='word_1_192' title='bbox 1739 1550 1890 1589; x_wconf 86' lang='lat' dir='ltr'><strong>Frater</strong></span> <span class='ocrx_word' id='word_1_193' title='bbox 1922 1551 2062 1591; x_wconf 84' lang='lat' dir='ltr'><strong>Lude-</strong></span> 
     </span>
     <span class='ocr_line' id='line_1_21' title="bbox 222 1616 2061 1658; baseline 0.001 -2"><span class='ocrx_word' id='word_1_194' title='bbox 222 1619 354 1656; x_wconf 88' lang='lat' dir='ltr'><strong>wicus</strong></span> <span class='ocrx_word' id='word_1_195' title='bbox 387 1617 439 1656; x_wconf 91' lang='lat' dir='ltr'><strong>de</strong></span> <span class='ocrx_word' id='word_1_196' title='bbox 472 1617 617 1657; x_wconf 89' lang='lat' dir='ltr'><strong>eadem</strong></span> <span class='ocrx_word' id='word_1_197' title='bbox 650 1617 781 1656; x_wconf 88' lang='lat' dir='ltr'><strong>domo.</strong></span> <span class='ocrx_word' id='word_1_198' title='bbox 844 1617 997 1655; x_wconf 86' lang='lat' dir='ltr'><strong>Frater</strong></span> <span class='ocrx_word' id='word_1_199' title='bbox 1028 1617 1228 1656; x_wconf 86' lang='lat' dir='ltr'><strong>Albertus</strong></span> <span class='ocrx_word' id='word_1_200' title='bbox 1262 1616 1396 1655; x_wconf 90' lang='lat' dir='ltr'><strong>dictus</strong></span> <span class='ocrx_word' id='word_1_201' title='bbox 1429 1616 1481 1654; x_wconf 91' lang='lat' dir='ltr'><strong>de</strong></span> <span class='ocrx_word' id='word_1_202' title='bbox 1514 1616 1782 1655; x_wconf 88' lang='lat' dir='ltr'><strong>Babinberch</strong></span> <span class='ocrx_word' id='word_1_203' title='bbox 1815 1629 1904 1656; x_wconf 92' lang='lat' dir='ltr'><strong>cum</strong></span> <span class='ocrx_word' id='word_1_204' title='bbox 1936 1616 2061 1658; x_wconf 86' lang='lat' dir='ltr'><strong>fratre</strong></span> 
     </span>
     <span class='ocr_line' id='line_1_22' title="bbox 222 1683 2062 1734; baseline 0.001 -10"><span class='ocrx_word' id='word_1_205' title='bbox 222 1696 297 1724; x_wconf 89' lang='lat' dir='ltr'><strong>suo</strong></span> <span class='ocrx_word' id='word_1_206' title='bbox 329 1685 568 1724; x_wconf 86' lang='lat' dir='ltr'><strong>Hermanno</strong></span> <span class='ocrx_word' id='word_1_207' title='bbox 602 1685 654 1723; x_wconf 90' lang='lat' dir='ltr'><strong>de</strong></span> <span class='ocrx_word' id='word_1_208' title='bbox 693 1684 839 1724; x_wconf 89' lang='lat' dir='ltr'><strong>ordine</strong></span> <span class='ocrx_word' id='word_1_209' title='bbox 878 1684 1195 1734; x_wconf 86' lang='lat' dir='ltr'><strong>predicatorum.</strong></span> <span class='ocrx_word' id='word_1_210' title='bbox 1258 1683 1473 1722; x_wconf 87' lang='lat' dir='ltr'><strong>Iohannas</strong></span> <span class='ocrx_word' id='word_1_211' title='bbox 1513 1684 1717 1734; x_wconf 91' lang='lat' dir='ltr'><strong>plebanus</strong></span> <span class='ocrx_word' id='word_1_212' title='bbox 1757 1684 1809 1723; x_wconf 96' lang='lat' dir='ltr'><strong>de</strong></span> <span class='ocrx_word' id='word_1_213' title='bbox 1848 1686 2062 1725; x_wconf 85' lang='lat' dir='ltr'><strong>Holacwiz</strong></span> 
     </span>
     <span class='ocr_line' id='line_1_23' title="bbox 222 1749 2061 1802; baseline -0.001 -10"><span class='ocrx_word' id='word_1_214' title='bbox 222 1756 264 1792; x_wconf 92' lang='lat' dir='ltr'><strong>et</strong></span> <span class='ocrx_word' id='word_1_215' title='bbox 295 1752 480 1791; x_wconf 87' lang='lat' dir='ltr'><strong>decanus</strong></span> <span class='ocrx_word' id='word_1_216' title='bbox 513 1753 764 1791; x_wconf 87' lang='lat' dir='ltr'><strong>znoimensis</strong></span> <span class='ocrx_word' id='word_1_217' title='bbox 797 1753 1024 1802; x_wconf 89' lang='lat' dir='ltr'><strong>prouincie.</strong></span> <span class='ocrx_word' id='word_1_218' title='bbox 1089 1749 1302 1791; x_wconf 87' lang='lat' dir='ltr'><strong>Gotfridus</strong></span> <span class='ocrx_word' id='word_1_219' title='bbox 1335 1750 1387 1790; x_wconf 91' lang='lat' dir='ltr'><strong>de</strong></span> <span class='ocrx_word' id='word_1_220' title='bbox 1420 1751 1642 1790; x_wconf 87' lang='lat' dir='ltr'><strong>Petrowiz.</strong></span> <span class='ocrx_word' id='word_1_221' title='bbox 1705 1752 1860 1791; x_wconf 90' lang='lat' dir='ltr'><strong>Petrvs</strong></span> <span class='ocrx_word' id='word_1_222' title='bbox 1893 1753 1945 1791; x_wconf 93' lang='lat' dir='ltr'><strong>de</strong></span> <span class='ocrx_word' id='word_1_223' title='bbox 1977 1753 2061 1792; x_wconf 92' lang='lat' dir='ltr'><strong>Vr-</strong></span> 
     </span>
     <span class='ocr_line' id='line_1_24' title="bbox 222 1818 2061 1872; baseline 0 -13"><span class='ocrx_word' id='word_1_224' title='bbox 222 1820 332 1859; x_wconf 90' lang='lat' dir='ltr'><strong>bow.</strong></span> <span class='ocrx_word' id='word_1_225' title='bbox 381 1818 629 1860; x_wconf 87' lang='lat' dir='ltr'><strong>Chunradus</strong></span> <span class='ocrx_word' id='word_1_226' title='bbox 655 1819 707 1859; x_wconf 92' lang='lat' dir='ltr'><strong>de</strong></span> <span class='ocrx_word' id='word_1_227' title='bbox 733 1819 933 1859; x_wconf 91' lang='lat' dir='ltr'><strong>Bochdiz.</strong></span> <span class='ocrx_word' id='word_1_228' title='bbox 973 1820 1226 1872; x_wconf 82' lang='lat' dir='ltr'><strong>Berngerus</strong></span> <span class='ocrx_word' id='word_1_229' title='bbox 1255 1818 1306 1856; x_wconf 91' lang='lat' dir='ltr'><strong>de</strong></span> <span class='ocrx_word' id='word_1_230' title='bbox 1324 1819 1569 1858; x_wconf 82' lang='lat' dir='ltr'><strong>Mirzelovs.</strong></span> <span class='ocrx_word' id='word_1_231' title='bbox 1610 1819 1701 1858; x_wconf 81' lang='lat' dir='ltr'><strong>Otto</strong></span> <span class='ocrx_word' id='word_1_232' title='bbox 1727 1819 1779 1858; x_wconf 94' lang='lat' dir='ltr'><strong>de</strong></span> <span class='ocrx_word' id='word_1_233' title='bbox 1800 1820 2061 1859; x_wconf 77' lang='lat' dir='ltr'><strong>Wisclmow.</strong></span> 
     </span>
     <span class='ocr_line' id='line_1_25' title="bbox 224 1885 2058 1937; baseline 0 -11"><span class='ocrx_word' id='word_1_234' title='bbox 224 1888 386 1926; x_wconf 86' lang='lat' dir='ltr'><strong>Boreas</strong></span> <span class='ocrx_word' id='word_1_235' title='bbox 419 1887 471 1926; x_wconf 91' lang='lat' dir='ltr'><strong>de</strong></span> <span class='ocrx_word' id='word_1_236' title='bbox 503 1887 683 1928; x_wconf 87' lang='lat' dir='ltr'><strong>Serotiz.</strong></span> <span class='ocrx_word' id='word_1_237' title='bbox 725 1888 870 1926; x_wconf 86' lang='lat' dir='ltr'><strong>Eneas</strong></span> <span class='ocrx_word' id='word_1_238' title='bbox 904 1887 955 1925; x_wconf 94' lang='lat' dir='ltr'><strong>de</strong></span> <span class='ocrx_word' id='word_1_239' title='bbox 989 1886 1213 1927; x_wconf 87' lang='lat' dir='ltr'><strong>Gurrihev.</strong></span> <span class='ocrx_word' id='word_1_240' title='bbox 1261 1886 1477 1925; x_wconf 84' lang='lat' dir='ltr'><strong>Liutoldus</strong></span> <span class='ocrx_word' id='word_1_241' title='bbox 1511 1887 1562 1925; x_wconf 91' lang='lat' dir='ltr'><strong>de</strong></span> <span class='ocrx_word' id='word_1_242' title='bbox 1595 1885 1848 1925; x_wconf 78' lang='lat' dir='ltr'><strong>Wolsramiz</strong></span> <span class='ocrx_word' id='word_1_243' title='bbox 1881 1887 2058 1937; x_wconf 88' lang='lat' dir='ltr'><strong>plebani.</strong></span> 
     </span>
     <span class='ocr_line' id='line_1_26' title="bbox 223 1953 2054 2005; baseline 0.001 -12"><span class='ocrx_word' id='word_1_244' title='bbox 223 1955 374 1994; x_wconf 87' lang='lat' dir='ltr'><strong>Frater</strong></span> <span class='ocrx_word' id='word_1_245' title='bbox 406 1955 630 1994; x_wconf 87' lang='lat' dir='ltr'><strong>Hainricus</strong></span> <span class='ocrx_word' id='word_1_246' title='bbox 664 1955 715 1994; x_wconf 93' lang='lat' dir='ltr'><strong>de</strong></span> <span class='ocrx_word' id='word_1_247' title='bbox 748 1955 864 1994; x_wconf 90' lang='lat' dir='ltr'><strong>domo</strong></span> <span class='ocrx_word' id='word_1_248' title='bbox 898 1955 1128 2005; x_wconf 88' lang='lat' dir='ltr'><strong>Hospitalis</strong></span> <span class='ocrx_word' id='word_1_249' title='bbox 1167 1955 1303 1993; x_wconf 86' lang='lat' dir='ltr'><strong>sancti</strong></span> <span class='ocrx_word' id='word_1_250' title='bbox 1334 1953 1532 1993; x_wconf 88' lang='lat' dir='ltr'><strong>Iohannis</strong></span> <span class='ocrx_word' id='word_1_251' title='bbox 1566 1957 1607 1993; x_wconf 91' lang='lat' dir='ltr'><strong>et</strong></span> <span class='ocrx_word' id='word_1_252' title='bbox 1646 1954 1715 1993; x_wconf 82' lang='lat' dir='ltr'><strong>alii</strong></span> <span class='ocrx_word' id='word_1_253' title='bbox 1754 1965 1873 2005; x_wconf 87' lang='lat' dir='ltr'><strong>quam</strong></span> <span class='ocrx_word' id='word_1_254' title='bbox 1907 1955 2054 2005; x_wconf 89' lang='lat' dir='ltr'><strong>plures.</strong></span> 
     </span>
     <span class='ocr_line' id='line_1_27' title="bbox 224 2023 2060 2076; baseline 0.001 -16"><span class='ocrx_word' id='word_1_255' title='bbox 224 2023 265 2060; x_wconf 88' lang='lat' dir='ltr'><strong>in</strong></span> <span class='ocrx_word' id='word_1_256' title='bbox 298 2023 413 2061; x_wconf 90' lang='lat' dir='ltr'><strong>cuius</strong></span> <span class='ocrx_word' id='word_1_257' title='bbox 445 2024 715 2062; x_wconf 88' lang='lat' dir='ltr'><strong>testimonium</strong></span> <span class='ocrx_word' id='word_1_258' title='bbox 748 2026 983 2073; x_wconf 88' lang='lat' dir='ltr'><strong>presentem</strong></span> <span class='ocrx_word' id='word_1_259' title='bbox 1024 2023 1198 2062; x_wconf 88' lang='lat' dir='ltr'><strong>litteram</strong></span> <span class='ocrx_word' id='word_1_260' title='bbox 1237 2023 1367 2076; x_wconf 78' lang='lat' dir='ltr'><strong>sigilli</strong></span> <span class='ocrx_word' id='word_1_261' title='bbox 1407 2023 1536 2061; x_wconf 88' lang='lat' dir='ltr'><strong>nostri</strong></span> <span class='ocrx_word' id='word_1_262' title='bbox 1575 2023 1790 2061; x_wconf 90' lang='lat' dir='ltr'><strong>munimine</strong></span> <span class='ocrx_word' id='word_1_263' title='bbox 1833 2023 2060 2062; x_wconf 82' lang='lat' dir='ltr'><strong>roboratam</strong></span> 
     </span>
     <span class='ocr_line' id='line_1_28' title="bbox 226 2088 2059 2143; baseline 0.001 -15"><span class='ocrx_word' id='word_1_264' title='bbox 226 2089 412 2129; x_wconf 82' lang='lat' dir='ltr'><strong>duximus</strong></span> <span class='ocrx_word' id='word_1_265' title='bbox 445 2090 766 2129; x_wconf 86' lang='lat' dir='ltr'><strong>concedendam.</strong></span> <span class='ocrx_word' id='word_1_266' title='bbox 809 2091 920 2129; x_wconf 87' lang='lat' dir='ltr'><strong>Acta</strong></span> <span class='ocrx_word' id='word_1_267' title='bbox 953 2091 993 2128; x_wconf 85' lang='lat' dir='ltr'><strong>in</strong></span> <span class='ocrx_word' id='word_1_268' title='bbox 1026 2090 1202 2131; x_wconf 85' lang='lat' dir='ltr'><strong>Stihniz.</strong></span> <span class='ocrx_word' id='word_1_269' title='bbox 1236 2091 1357 2129; x_wconf 90' lang='lat' dir='ltr'><strong>Anno</strong></span> <span class='ocrx_word' id='word_1_270' title='bbox 1391 2091 1532 2143; x_wconf 80' lang='lat' dir='ltr'><strong>gratie</strong></span> <span class='ocrx_word' id='word_1_271' title='bbox 1565 2090 1625 2129; x_wconf 84' lang='lat' dir='ltr'><strong>M.</strong></span> <span class='ocrx_word' id='word_1_272' title='bbox 1659 2088 1746 2130; x_wconf 86' lang='lat' dir='ltr'><strong>CC.</strong></span> <span class='ocrx_word' id='word_1_273' title='bbox 1778 2091 1892 2130; x_wconf 87' lang='lat' dir='ltr'><strong>LIII.</strong></span> <span class='ocrx_word' id='word_1_274' title='bbox 1927 2092 1965 2130; x_wconf 90' lang='lat' dir='ltr'><strong>in</strong></span> <span class='ocrx_word' id='word_1_275' title='bbox 1997 2091 2059 2130; x_wconf 88' lang='lat' dir='ltr'><strong>die</strong></span> 
     </span>
     <span class='ocr_line' id='line_1_29' title="bbox 226 2156 1526 2209; baseline 0 -13"><span class='ocrx_word' id='word_1_276' title='bbox 226 2157 335 2197; x_wconf 83' lang='lat' dir='ltr'><strong>beati</strong></span> <span class='ocrx_word' id='word_1_277' title='bbox 367 2158 523 2198; x_wconf 70' lang='lat' dir='ltr'><strong>&#39;rhome</strong></span> <span class='ocrx_word' id='word_1_278' title='bbox 557 2156 877 2198; x_wconf 84' lang='lat' dir='ltr'><strong>Cantuariensis</strong></span> <span class='ocrx_word' id='word_1_279' title='bbox 910 2158 1228 2209; x_wconf 87' lang='lat' dir='ltr'><strong>Archiepiscopi</strong></span> <span class='ocrx_word' id='word_1_280' title='bbox 1262 2163 1303 2197; x_wconf 88' lang='lat' dir='ltr'><strong>et</strong></span> <span class='ocrx_word' id='word_1_281' title='bbox 1335 2158 1526 2197; x_wconf 86' lang='lat' dir='ltr'><strong>martiriS.</strong></span> 
     </span>
    </p>
   </div>
   <div class='ocr_carea' id='block_1_3' title="bbox 532 2269 1821 2311">
    <p class='ocr_par' dir='ltr' id='par_1_3' title="bbox 532 2269 1821 2311">
     <span class='ocr_line' id='line_1_30' title="bbox 532 2269 1821 2311; baseline -0.002 -9"><span class='ocrx_word' id='word_1_282' title='bbox 532 2269 585 2302; x_wconf 68' lang='lat' dir='ltr'><strong>Ex</strong></span> <span class='ocrx_word' id='word_1_283' title='bbox 609 2270 799 2311; x_wconf 76' lang='lat' dir='ltr'><strong>originali</strong></span> <span class='ocrx_word' id='word_1_284' title='bbox 825 2279 895 2300; x_wconf 86' lang='lat' dir='ltr'><strong>cum</strong></span> <span class='ocrx_word' id='word_1_285' title='bbox 920 2270 1027 2311; x_wconf 82' lang='lat' dir='ltr'><strong>sigillo</strong></span> <span class='ocrx_word' id='word_1_286' title='bbox 1052 2270 1164 2301; x_wconf 85' lang='lat' dir='ltr'><strong>illaeso</strong></span> <span class='ocrx_word' id='word_1_287' title='bbox 1187 2270 1219 2301; x_wconf 86' lang='lat' dir='ltr'><strong>in</strong></span> <span class='ocrx_word' id='word_1_288' title='bbox 1241 2269 1375 2301; x_wconf 82' lang='lat' dir='ltr'><strong>archivo</strong></span> <span class='ocrx_word' id='word_1_289' title='bbox 1402 2270 1588 2300; x_wconf 78' lang='lat' dir='ltr'><strong>monasterii</strong></span> <span class='ocrx_word' id='word_1_290' title='bbox 1612 2269 1821 2300; x_wconf 77' lang='lat' dir='ltr'><strong>Lucensis.</strong></span> 
     </span>
    </p>
   </div>
   <div class='ocr_carea' id='block_1_4' title="bbox 2145 1171 2147 1204">
    <p class='ocr_par' dir='ltr' id='par_1_4' title="bbox 2145 1171 2147 1204">
     <span class='ocr_line' id='line_1_31' title="bbox 2145 1171 2147 1204; baseline 0 0"><span class='ocrx_word' id='word_1_291' title='bbox 2145 1171 2147 1204; x_wconf 60' lang='grc' dir='ltr'><strong>ς’</strong></span> 
     </span>
    </p>
   </div>
   <div class='ocr_carea' id='block_1_5' title="bbox 2143 1286 2145 1316">
    <p class='ocr_par' dir='ltr' id='par_1_5' title="bbox 2143 1286 2145 1316">
     <span class='ocr_line' id='line_1_32' title="bbox 2144 1286 2145 1295; baseline 0 0"><span class='ocrx_word' id='word_1_292' title='bbox 2144 1286 2145 1295; x_wconf 74' lang='lat' dir='ltr'><strong>l</strong></span> 
     </span>
     <span class='ocr_line' id='line_1_33' title="bbox 2143 1298 2145 1316; baseline 0 0"><span class='ocrx_word' id='word_1_293' title='bbox 2143 1298 2145 1316; x_wconf 72' lang='lat' dir='ltr'><strong>l</strong></span> 
     </span>
    </p>
   </div>
   <div class='ocr_carea' id='block_1_6' title="bbox 2142 1388 2144 1437">
    <p class='ocr_par' dir='ltr' id='par_1_6' title="bbox 2142 1388 2144 1437">
     <span class='ocr_line' id='line_1_34' title="bbox 2142 1388 2144 1403; baseline 0 0"><span class='ocrx_word' id='word_1_294' title='bbox 2142 1388 2144 1403; x_wconf 58' lang='grc' dir='ltr'><em>ι</em></span> 
     </span>
     <span class='ocr_line' id='line_1_35' title="bbox 2142 1406 2144 1437; baseline 0 0"><span class='ocrx_word' id='word_1_295' title='bbox 2142 1406 2144 1437; x_wconf 71' lang='lat' dir='ltr'><strong>l</strong></span> 
     </span>
    </p>
   </div>
  </div>
 </body>
</html>
