2155 2928
1099 154 1204 194 346

230 304 412 354 cupimus
435 301 542 353 quod
574 312 649 340 nos
677 300 810 338 villam
838 299 1016 336 nostram
1039 295 1210 345 Luptyn
1231 293 1420 333 Henrico
1442 292 1646 332 aduocato
1677 291 1729 332 de
1759 294 2068 346 Hoczemplocz

229 371 486 411 vendidimus
527 375 567 408 et
609 367 915 420 resigminimus
956 363 1008 401 ad
1048 373 1190 401 manus
1228 372 1328 399 suas
1361 362 1522 400 nomine
1561 361 1746 400 ecclesie
1780 361 2069 404 olomucensis

229 439 340 478 vnde
375 449 571 490 rogamus
613 440 657 474 vt
697 434 867 473 eandem
909 431 1042 469 villam
1085 430 1320 482 protegatis
1359 429 1467 467 sicut
1514 428 1649 467 decet.
1713 427 1979 479 Quapropter
2015 430 2066 471 ad

229 507 359 557 ipsius
393 506 634 544 instanciam
661 500 858 553 prefatum
892 499 944 537 H.
969 498 1211 536 aduocatum
1245 500 1287 535 et
1310 497 1446 535 villam
1479 497 1519 535 in
1552 500 1733 536 nostram
1767 498 2069 548 proteccionem

230 575 487 623 suscepimus
521 576 561 610 et
594 570 770 609 tutelam.
833 567 1076 605 Presentem
1110 564 1297 603 cedulam
1331 565 1369 602 in
1403 564 1524 603 huius
1557 565 1617 603 rei
1651 565 1907 604 euidenciam
1940 566 2068 606 nostri

230 641 359 693 sigilli
392 640 605 678 munimine
639 637 896 674 roborantes
945 632 1095 671 Datum
1127 633 1169 671 in
1201 631 1383 671 Olomuc.
1415 633 1540 671 Anno
1568 632 1716 672 domini
1747 633 1808 672 Μ.
1827 631 1916 673 CC.
1932 632 2068 674 LXII.

229 709 270 747 in
304 708 370 747 die
403 708 537 746 sancti
569 705 739 744 ΤΙιοιΠθ.

532 802 562 834 Ε
585 800 730 833 codice
754 798 1011 831 olomucensi
1034 798 1060 829 1.
1085 797 1189 829 chart.
1213 797 1267 830 fol.
1290 796 1355 829 41.

1052 961 1243 1004 (1ch1.

225 1069 435 1108 Moniales
474 1066 531 1105 ad
560 1078 593 1105 s.
628 1066 801 1105 Petrum
844 1065 1053 1104 Olomucii
1091 1066 1311 1116 Heba-ico,
1352 1065 1434 1104 civi
1474 1064 1756 1117 Olomucensi„
1792 1063 2070 1104 molendinum

226 1136 299 1174 sub
331 1138 463 1174 monte
506 1147 539 1173 s.
572 1135 696 1173 Petri
727 1132 881 1172 ibidem
919 1133 1205 1185 emphiteulico
1225 1134 1331 1185 Jure
1363 1133 1595 1185 conferunt.
1658 1133 1818 1172 Datum
1851 1132 2070 1185 Olomucii,

1074 1201 1226 1240 1262.

374 1294 496 1364 Ego
537 1311 786 1350 Herbordus
830 1312 1085 1363 preposituS,
1128 1314 1171 1350 et
1209 1311 1472 1364 Magdalena
1513 1311 1719 1364 magistra
1760 1313 1801 1350 et
1840 1314 2069 1350 conuentus

227 1382 359 1419 sancti
388 1381 495 1432 petri
519 1381 562 1418 in
597 1380 773 1419 Olomvz
801 1380 1012 1418 vniuersis
1046 1378 1202 1419 Christi
1228 1379 1416 1417 fidelibus
1450 1378 1501 1417 ad
1529 1390 1633 1429 quos
1668 1389 1846 1428 presens
1878 1379 2071 1428 scriptum

227 1450 478 1500 peruenerit7
512 1449 550 1486 in
585 1453 838 1498 perpetuum.
902 1448 967 1486 Ne
1001 1458 1051 1486 ea
1085 1458 1165 1497 que
1199 1452 1407 1499 geruntur
1448 1448 1486 1485 in
1519 1451 1704 1496 tempore
1736 1446 1850 1484 simul
1884 1447 2072 1486 labantur

227 1527 314 1555 cum
354 1521 536 1567 tempore
577 1516 713 1554 solent
758 1517 1053 1565 scripturarum
1093 1517 1325 1554 testimonio
1375 1514 1641 1565 perhennari.
1704 1515 1813 1553 llinc
1861 1517 1927 1553 est
1965 1513 2070 1565 quod

227 1590 421 1623 constare
461 1585 643 1634 cupimus
684 1585 908 1635 vinum-sis,
949 1583 1052 1634 quod
1095 1594 1172 1621 nos
1213 1594 1269 1621 ex
1310 1582 1540 1622 deliberato
1579 1582 1752 1620 consilio
1794 1581 2071 1621 molendinum

228 1651 302 1690 sub
327 1642 460 1690 monle
483 1653 617 1690 sancti
637 1653 745 1703 petri
768 1663 856 1690 eum
887 1650 1059 1690 edificiis
1082 1652 1132 1690 ad
1165 1651 1259 1689 illud
1289 1651 1589 1701 pertinentibus
1620 1650 1862 1689 contulimus
1886 1639 2073 1689 Hem-ioci

229 1721 311 1757 cini
345 1720 608 1759 olona-censa·
641 1730 690 1757 ac
723 1720 810 1757 suis
839 1719 1065 1758 heredibus
1099 1730 1149 1757 eo
1183 1719 1272 1757 iure
1298 1719 1404 1769 quod
1440 1718 1638 1757 bvrcreth
1665 1718 1813 1757 dicitur
1846 1722 2070 1768 perpetua-

228 1787 321 1824 liter
354 1787 656 1839 possidendum7
683 1788 759 1825 sub
785 1787 864 1825 hac
887 1785 1029 1839 forma.)
1056 1790 1098 1824 vt
1126 1798 1243 1824 vnam
1278 1797 1456 1824 marcam
1490 1787 1673 1838 argenti.
1707 1790 1748 1824 et
1780 1786 1859 1823 tria
1892 1785 2070 1824 seruicia

230 1865 308 1904 que
341 1855 561 1907 wlgariter
602 1855 761 1893 wisode
802 1858 1100 1904 {nuncupantur
1139 1855 1258 1892 annis
1292 1855 1472 1906 singulis
1505 1854 1675 1892 soluere
1709 1857 1914 1906 teneatur,
1947 1857 1989 1892 et
2019 1851 2070 1893 ad

229 1923 453 1961 molendum
496 1922 655 1973 pr‘fato
697 1925 917 1962 conuentui
951 1925 1150 1961 vniuersa
1191 1923 1388 1961 victualia
1431 1923 1470 1960 in
1504 1933 1612 1972 pane
1652 1925 1694 1960 et
1732 1922 1938 1960 cereuisia
1973 1921 2070 1971 ipsis

230 1992 487 2029 necessaria.
528 1995 569 2029 et
610 1991 662 2029 ad
704 1992 857 2029 curiam
901 1991 1100 2041 prepositi
1141 1990 1282 2028 brasia
1323 1990 1477 2028 molere
1518 1989 1807 2028 habundanter
1845 1989 1937 2027 sine
1970 1988 2071 2028 omni
2132 2011 2133 2027 1

231 2058 555 2096 contradictione
604 2059 723 2096 abilis
764 2059 904 2097 valeat
952 2059 1143 2097 inveniri.
1206 2059 1386 2108 Insuper
1433 2058 1604 2096 insulam
1653 2058 1760 2095 inter
1799 2057 1904 2095 duas
1944 2067 2070 2107 aquas
2130 2095 2131 2102 ,

231 2125 346 2162 sitam
380 2137 459 2175 que
502 2126 686 2175 predicto
720 2127 951 2165 molendino
993 2127 1220 2165 dinoscitur
1261 2126 1474 2177 adiacere,
1514 2135 1590 2163 sue
1632 2125 1794 2163 vtilitati
1833 2124 2070 2162 contulimus
2128 2124 2130 2175 g

232 2191 310 2229 hoc
343 2193 518 2245 adiecto,
555 2197 597 2232 vt
629 2195 664 2232 si
698 2195 737 2232 in
771 2195 861 2244 ipsa
896 2194 1028 2232 insula
1061 2194 1333 2233 molendinum
1374 2205 1520 2232 nouum
1554 2194 1593 2232 in
1628 2192 1903 2242 preiudicium
1927 2192 2071 2242 prioris

232 2259 446 2298 molendini
481 2261 718 2300 decreuerit
751 2262 1002 2314 instaurare⁷
1036 2262 1087 2300 ad
1122 2266 1365 2300 conuentum
1391 2261 1661 2300 molendinum
1695 2271 1751 2298 ex
1784 2272 1890 2298 nouo
1923 2258 2070 2299 funda·
2126 2259 2128 2263 '

233 2328 311 2363 tum
351 2326 480 2365 libere
529 2329 680 2367 debeat
726 2331 950 2379 pertinere.
1012 2330 1114 2368 Item
1160 2341 1236 2368 nos
1277 2331 1389 2367 circa
1429 2328 1683 2378 sepedictum
1723 2327 1995 2366 molendinum
2033 2328 2072 2365 et
2124 2323 2126 2360 ἶ

236 2391 404 2431 insulam
439 2394 595 2434 habere
637 2396 833 2435 debemus
867 2397 1052 2446 piscandi
1093 2397 1263 2435 liberam
1297 2400 1556 2448 potestatem,
1590 2399 1771 2445 excepto
1806 2395 1911 2445 quod
1947 2392 2071 2433 nostri
2123 2407 2125 2418 ·

237 2459 466 2507 piscatores
499 2463 588 2501 sine
629 2464 793 2502 licentia
829 2465 1002 2514 predicti
1044 2464 1281 2514 H.[enrici]
1321 2476 1401 2502 non
1442 2464 1623 2502 debeant
1662 2463 1866 2514 aliquibus
1900 2461 2070 2501 nauibus
2121 2484 2123 2503 2

238 2528 452 2580 transsire,
487 2540 559 2578 per
597 2531 811 2570 obstacula
843 2532 1074 2571 molendini.
1138 2532 1204 2572 Ne
1244 2536 1379 2572 autem
1411 2531 1490 2571 hoc
1529 2534 1720 2571 statutum
1752 2531 2002 2583 inposterum
2030 2528 2070 2569 in
