2155 2928
1132 182 1235 221 226

267 337 393 366 cruce
426 327 504 365 sibi
537 327 750 377 quicquam
782 323 1002 363 temerarie
1033 331 1252 372 usurpare.
1287 319 1407 368 Quod
1439 320 1475 360 si
1506 331 1583 371 per
1621 322 1795 373 aliquem
1834 334 1959 364 secus
1996 338 2094 377 pre-

267 399 463 444 sumptum
496 393 630 433 suerit.
662 394 729 432 uel
762 391 911 442 aliquid
944 390 1130 429 molestie
1163 389 1283 428 dictis
1317 387 1514 428 fratribus
1547 389 1696 428 illatum
1736 388 1870 430 suerIt.
1909 404 2093 443 presum-

267 464 372 513 ptori
420 463 608 515 graciam
657 464 835 499 nostram
877 457 1205 496 contradicimus.
1248 460 1289 494 et
1327 456 1500 495 eundem
1540 457 1863 497 condemnantes
1903 460 2093 503 tradimus

268 531 435 583 regalis
469 530 561 568 aule
586 527 811 567 camerario
845 526 1070 566 districtius
1095 524 1395 574 captiuandum.
1428 535 1507 564 nec
1534 524 1807 567 dimittendum
1833 528 2093 580 quoadusque

266 598 516 648 persoluerit
546 597 663 635 nobis
696 599 855 634 centum
894 604 1070 632 marcas.
1132 593 1284 632 Datum
1316 592 1464 646 Prage
1505 604 1613 632 anno
1653 593 1803 633 domini
1834 593 2093 638 MCCLVII,

267 664 363 704 Vll.
395 665 494 705 Idus
525 664 719 703 Ianuarii.

572 770 624 803 Ex
654 767 848 809 originali
876 776 948 799 cum
975 767 1082 809 sigillo
1110 767 1238 810 integro
1265 767 1297 799 in
1327 767 1462 801 archivo
1491 767 1541 800 Μ.
1571 767 1788 802 Prioratus
1817 767 2095 803 Melitensium

672 819 844 860 pragae.

1077 980 1294 1024 CCXLII.

265 1094 510 1136 Alea-ander
540 1106 651 1145 papa
684 1093 762 1132 IV.
800 1092 972 1131 mandat
1001 1091 1135 1132 abbata·
1174 1093 1411 1145 Scotorum,
1443 1097 1488 1133 u!
1525 1094 1633 1133 litem
1664 1095 1769 1133 inter
1807 1095 2095 1135 monasterinm

268 1162 576 1203 Tighowicense
599 1164 637 1199 el
655 1161 868 1200 Alberlum
889 1163 1170 1212 praepos-ilum
1195 1174 1228 1200 s.
1246 1163 1368 1200 Petri
1384 1163 1559 1201 Brwme
1584 1161 1759 1202 decidat.
1793 1162 1865 1202 Dt.
1882 1163 2095 1214 Laterani,

864 1230 936 1269 ΓΙ.
969 1229 1074 1268 Idus
1106 1231 1322 1281 drotum-ia
1362 1230 1512 1271 1257.

407 1322 678 1382 Alexander
727 1340 952 1390 episcopus
1001 1351 1151 1380 seruus
1198 1350 1414 1379 seruorum
1461 1340 1541 1379 dei.
1604 1340 1769 1380 Dilecto
1818 1338 1898 1380 filio
1946 1339 2098 1380 Abbati

264 1410 497 1449 monasterii
530 1407 748 1449 Scotorum
791 1408 946 1448 ordinis
978 1409 1113 1446 sancti
1152 1408 1368 1447 Benedicti
1410 1409 1678 1448 Patauiensis
1717 1409 1898 1448 diocesis
1931 1408 2097 1448 salutem

266 1482 307 1517 et
338 1478 601 1528 apostolicam
634 1477 976 1515 benedictionem.
1024 1476 1111 1517 Sua
1145 1476 1263 1514 nobis
1297 1476 1446 1515 dilecte
1480 1478 1519 1515 in
1553 1475 1722 1517 Christo
1762 1475 1841 1515 filie
1873 1477 2098 1516 Abbatissa
2144 1525 2145 1530 ¹

264 1550 305 1585 et
336 1549 564 1584 conuentus
598 1545 834 1583 monasterii
877 1544 927 1583 de
957 1548 1078 1595 porta
1111 1545 1190 1583 oeli
1222 1543 1520 1584 Cisterciensis
1561 1545 1715 1584 ordinis
1749 1546 1945 1596 petitione
1986 1556 2096 1583 mon·
2142 1535 2145 1586 ἶ

265 1617 446 1653 strarunt
479 1613 585 1664 quod
626 1624 714 1651 cum
747 1614 854 1651 inter
894 1614 1005 1664 ipsas
1039 1623 1095 1650 ex
1135 1616 1252 1662 parte
1285 1625 1366 1652 una
1405 1618 1446 1652 et
1484 1612 1697 1655 Alban-tum
1732 1614 1990 1664 prepositum
2033 1611 2097 1664 qui
2141 1637 2143 1644 ι

266 1693 313 1721 se
346 1683 460 1735 gerit
483 1692 557 1732 pro
590 1685 755 1720 rectore
780 1681 954 1720 ecclesie
985 1681 1119 1719 sancti
1146 1681 1266 1719 Petri
1296 1681 1340 1719 in
1366 1681 1548 1720 Brumm
1571 1681 1890 1720 Holomocensis
1923 1679 2098 1719 diocesis
2139 1729 2141 1738 A

268 1761 323 1788 ex
355 1749 487 1788 altera
513 1760 639 1801 super
672 1749 817 1788 eadem
838 1749 1022 1788 ecclesia
1055 1760 1194 1787 coram
1217 1749 1449 1789 venerabili
1481 1747 1611 1789 fratre
1644 1752 1787 1788 nostro
1813 1747 2099 1787 Holomocensi
2138 1749 2141 1759 '

270 1818 466 1871 episcopo
518 1817 763 1857 auctoritate
811 1817 1021 1856 ordinaria
1071 1818 1233 1868 questio
1280 1820 1520 1856 uerteretur
1565 1818 1660 1869 quia
1706 1817 1839 1856 dictus
1882 1817 2099 1867 episcopus

267 1885 433 1923 easdem
472 1885 741 1924 Abbatissam
784 1888 825 1924 et
872 1888 1115 1926 conuentum
1163 1884 1215 1923 ad
1258 1885 1389 1924 locum
1430 1886 1564 1926 citans
1611 1897 1693 1924 non
1731 1888 1856 1924 tutum
1894 1884 1948 1924 ad
1986 1893 2098 1935 quem

266 1957 435 2003 propter
466 1964 714 2006 guerrarum
749 1953 983 1992 discrimina
1021 1954 1113 1992 sine
1146 1963 1417 2003 personarum
1454 1953 1639 2003 periculo
1672 1953 1833 1992 mittere
1866 1963 1948 1991 non
1982 1954 2097 2006 pote-

268 2024 361 2059 rant
400 2021 516 2059 alium
563 2021 641 2060 sibi
688 2025 834 2060 contra
879 2021 1071 2061 iustitiam
1111 2021 1356 2074 denegabat
1403 2022 1633 2074 assignare
1672 2031 1864 2059 securum
1903 2019 2100 2059 humiliter
2132 2037 2135 2081 3

269 2090 491 2140 requisitus
524 2090 614 2140 ipse
636 2090 867 2129 sentientes
900 2100 957 2128 ex
978 2089 1056 2129 hoc
1089 2089 1271 2133 indebite
1303 2100 1350 2129 se
1382 2091 1558 2143 grauari
1590 2089 1643 2129 ad
1667 2089 1808 2128 sedem
1841 2088 2101 2140 apostolicam
2130 2091 2134 2140 ἦ

268 2157 525 2207 appellarunt
557 2158 608 2196 ad
643 2157 974 2208 prosequendum
1006 2158 1320 2208 appellationem
1353 2169 1467 2196 suam
1507 2157 1615 2208 apud
1647 2157 1788 2197 sedem
1821 2156 1993 2196 eandem
2025 2154 2100 2194 sibi
2129 2143 2133 2218 ξ

269 2229 422 2264 certum
454 2227 664 2264 terminum
696 2224 944 2279 pretigendo
978 2237 1096 2277 quem
1129 2226 1339 2264 terminum
1373 2237 1471 2276 pars
1504 2226 1636 2265 altera
1669 2225 1915 2276 acceptauit.
1978 2221 2100 2264 Cum·
2127 2232 2131 2287 ἵ

270 2303 349 2343 que
399 2295 655 2343 procuratori
704 2294 902 2333 dictarum
954 2294 1180 2333 Abbatisse
1222 2296 1263 2332 et
1302 2296 1531 2333 conuentus
1571 2293 1611 2331 in
1657 2293 1801 2332 eodem
1841 2293 2012 2334 termino
2050 2289 2130 2338 adj

270 2364 447 2401 nostram
482 2365 650 2411 propter
681 2361 759 2401 hoc
793 2363 1044 2412 presentiam
1077 2362 1293 2401 accedenti
1329 2362 1518 2401 dilectum
1558 2360 1675 2400 filium
1709 2361 1963 2401 Guillelmum
1994 2349 2129 2415 Bar-3

272 2427 361 2465 dum
387 2429 639 2478 capellanum
666 2434 845 2471 nostrum
874 2431 1123 2481 prepositum
1150 2429 1455 2470 foroiuliensem
1480 2429 1714 2468 dederimus
1740 2430 1780 2468 in
1806 2440 1935 2468 causa
1959 2428 2098 2467 huius-
2123 2439 2127 2472 i

271 2494 374 2532 modi
408 2496 629 2535 auditorem
654 2498 757 2536 idem
790 2499 1030 2548 capellanus
1056 2510 1129 2549 pro
1165 2502 1281 2548 parte
1306 2499 1438 2537 altera
1470 2498 1631 2537 nemine
1665 2500 1928 2548 comparente
1962 2491 2126 2547 quam-3*

273 2571 390 2610 quam
415 2563 541 2612 ipsam
569 2565 607 2605 in
634 2565 842 2607 audientia
874 2566 1038 2617 publica
1065 2567 1222 2617 pluries
1255 2567 1372 2609 citari
1397 2565 1546 2607 secer-it
1572 2569 1613 2606 et
1638 2566 1789 2607 diutius
1814 2568 1907 2618 post
1932 2562 2099 2604 eundem
2120 2581 2124 2614 l
