2155 2928
1143 212 1209 252 66

1114 350 1231 392 XCI.

250 457 520 496 Innocentius
563 468 678 508 papa
724 455 803 495 IV.
841 465 983 505 reqem
1020 454 1325 503 Romanorum,
1372 454 1419 491 ut
1457 451 1514 491 ad
1557 452 1775 492 Austriam
1812 453 2095 505 occupandam

249 525 383 564 Belae
421 525 526 575 reyi,
567 524 686 563 sali-0
712 524 818 575 jeu-e
854 522 969 572 reyis
1003 521 1214 563 Boe'miae
1252 522 1291 558 et
1327 521 1395 558 sm·
1425 520 1525 571 nali,
1566 520 1788 559 consilium
1821 523 1861 559 et
1888 522 2094 564 auxilium

406 594 601 644 praestet,
634 591 835 630 hortatur.
898 591 970 629 Dc.
1002 587 1221 639 Luydum',
1253 587 1333 628 JV.
1365 588 1468 628 Kal.
1501 587 1744 639 Februarii,
1783 588 1935 629 1247.

421 684 701 744 Innocentius
725 701 947 751 episcopus
971 709 1123 737 seruus
1139 709 1355 738 seruorum
1380 697 1474 737 dei.
1492 727 1502 737 .
1519 698 1638 751 Regi
1656 698 1931 738 Romanorum
1952 700 2094 742 illustri

250 771 423 810 salutem
449 775 490 810 et
518 770 786 820 apostolicam
813 767 1157 807 benedictionem.
1198 764 1302 807 Cum
1332 766 1384 806 ad
1411 766 1693 817 occupandum
1720 767 1909 806 ducatum
1926 768 2093 810 Austrie

251 840 411 889 aspiret
433 842 527 877 tuus
558 841 599 877 et
624 837 809 876 ecclesie
835 840 1094 888 persecutor7
1116 836 1329 886 ipsumque
1355 835 1544 874 ducatum
1568 835 1837 874 charissimus
1861 837 1902 875 in
1928 834 2091 878 Christo

252 905 356 946 filius
394 910 538 945 noster
570 934 581 943 .
614 934 623 943 .
656 905 754 943 Rex
793 904 991 958 Ungarie
1031 904 1215 957 illustris,
1255 904 1375 942 salvo
1416 904 1457 942 in
1498 904 1683 942 omnibus
1726 905 1816 942 iure
1856 916 1907 943 ac
1940 904 2094 946 honore

250 980 318 1013 tuo
353 978 394 1013 et
424 974 602 1027 Imperii,
636 977 678 1011 et
704 973 908 1012 carissimi
940 973 980 1011 in
1009 971 1177 1013 Christo
1211 970 1277 1011 filii
1303 972 1433 1010 nostri
1466 1001 1476 1010 .
1510 1001 1520 1011 .
1553 972 1694 1025 Regis
1722 972 1893 1011 Boemie
1925 972 2092 1014 illustris

251 1043 417 1093 natique
449 1042 512 1080 sui
545 1053 596 1080 ac
629 1041 800 1080 aliorum
831 1041 1050 1080 amicorum
1082 1044 1253 1093 tuorum7
1285 1040 1387 1080 velit
1419 1039 1472 1079 ad
1511 1052 1655 1078 manus
1689 1051 1789 1079 suas
1822 1041 2014 1091 recipere
2045 1053 2093 1082 ac

250 1113 420 1148 tenere:
469 1109 565 1160 quia
606 1120 683 1159 per
722 1109 801 1148 hoc
841 1109 1016 1160 predicti
1058 1108 1343 1159 persecutoris
1383 1119 1434 1146 ac
1475 1109 1513 1147 ei
1552 1108 1839 1147 adherentium
1879 1110 2094 1159 potentiam

253 1178 373 1217 minui
403 1177 624 1231 credimus,
650 1181 692 1216 et
712 1177 910 1216 honorem
936 1180 1044 1216 tuum
1074 1189 1155 1216 non
1181 1177 1344 1216 diminui
1374 1176 1451 1215 sed
1477 1177 1644 1230 augeri,
1665 1174 1965 1216 Celsitudinem
1990 1181 2094 1218 tuam

249 1245 484 1299 rogandam
518 1246 710 1285 duximus
753 1246 950 1285 attentius
984 1249 1025 1285 et
1057 1245 1313 1298 hortandam⁷
1353 1248 1558 1296 quatenus
1599 1244 1732 1284 eidem
1772 1245 1871 1299 regi
1903 1245 2094 1299 Ungarie

250 1319 415 1365 prestes
449 1314 500 1353 ad
535 1314 615 1353 hoc
648 1314 875 1367 consilium,
916 1314 1109 1352 auxilium
1143 1318 1184 1366 et
1224 1312 1422 1352 fauorem.
1454 1313 1607 1352 Datum
1639 1313 1855 1367 Lugduni,
1893 1313 1970 1353 IV.
2000 1313 2094 1354 Kal.

248 1382 483 1422 Februarii.
546 1381 817 1423 Pontificatus
850 1383 980 1422 nostri
1013 1394 1122 1422 anno
1156 1384 1318 1433 quarto.

558 1480 587 1512 E
611 1481 799 1522 Regesto
823 1481 1051 1512 Innocentii
1075 1481 1133 1512 lv.
1157 1481 1231 1512 anni
1254 1480 1311 1511 IV.
1336 1480 1432 1520 epist.
1457 1477 1547 1512 956.
1571 1480 1602 1511 in
1633 1479 1799 1513 tabulariis
1824 1479 2047 1512 Vaticanis.

1109 1644 1246 1689 XCII.

248 1750 414 1800 Brimo,
440 1748 662 1800 episcopus
682 1747 987 1799 olomucensis,
1011 1748 1230 1800 confirmat
1251 1747 1515 1787 donationem
1540 1747 1677 1789 Ulrici
1697 1748 1826 1798 Niqri
1847 1747 2093 1787 monasterio
2150 1772 2151 1793 ἢ

251 1816 394 1858 Cellae
431 1828 465 1856 s.
496 1817 668 1856 Mariae
705 1817 883 1855 Brunae
919 1816 1091 1869 factam.
1153 1817 1226 1855 DI.
1270 1816 1492 1867 Olomucii,
1531 1815 1672 1868 pridie
1711 1815 1817 1855 Idus
1856 1815 2092 1867 Februarii,
2147 1871 2149 1873 -

1104 1883 1254 1925 1247.

395 1968 562 2029 Bruno
602 1986 670 2026 dei
708 1987 851 2041 gratia
891 1985 1176 2026 olomucensis
1215 1987 1439 2037 episcopus
1485 1986 1671 2025 omnibus
1711 1983 1869 2026 Christi
1909 1983 2091 2025 fidelibus
2144 1978 2146 1983 ’

249 2059 487 2106 presentem
520 2056 720 2109 paginam
754 2056 1005 2106 inspecturis
1038 2055 1079 2094 in
1109 2066 1212 2094 uero
1246 2055 1419 2094 salutari
1447 2054 1644 2108 gaudium
1678 2057 1719 2094 et
1751 2054 1936 2093 salutem.
1977 2051 2091 2093 Con·
2142 2056 2143 2066 ¹

250 2125 507 2164 suetudinem
555 2126 631 2163 iuri
675 2128 999 2163 consentaneam
1045 2127 1087 2163 et
1123 2123 1269 2162 rationi
1317 2123 1534 2162 subnixam
1581 2122 1844 2161 laudabiliter
1885 2122 2090 2173 imitamur,
2140 2133 2141 2142 ¹

250 2204 338 2232 cum
378 2204 443 2246 ea7
484 2203 564 2244 que
604 2193 708 2232 locis
755 2193 973 2246 religiosis
1014 2192 1159 2231 intuitu
1198 2192 1363 2243 pietatis
1410 2191 1626 2244 donantur,
1667 2191 1836 2241 scriptis
1876 2189 2090 2229 autenticis
2138 2191 2140 2209 ἵ

250 2261 505 2314 roboramus,
545 2264 588 2300 ut
620 2261 905 2300 intemeratum
945 2263 1140 2299 seruetur
1178 2260 1219 2298 in
1251 2260 1391 2313 terris,
1431 2270 1506 2309 per
1538 2259 1647 2310 quod
1687 2259 1917 2310 acquiritur
1949 2261 2089 2296 eterna
2136 2267 2137 2270 ’

250 2340 411 2368 merces
444 2331 484 2368 in
519 2330 635 2369 celis.
698 2329 882 2368 Proinde
924 2332 1062 2368 notum
1094 2339 1193 2368 esse
1235 2329 1418 2378 cupimus
1451 2328 1662 2367 vniuersis
1696 2330 1932 2378 presentem
1964 2324 2089 2378 pagi·
2134 2348 2135 2351 =

251 2407 342 2434 nam
382 2398 645 2451 inspecturis7
687 2398 795 2449 quod
841 2398 1010 2438 Vlricus
1049 2397 1156 2436 ciuis
1197 2397 1466 2436 Brunnensis
1508 2397 1752 2446 coynomine
1791 2395 1926 2445 Niqer
1963 2394 2088 2433 libere
2132 2393 2135 2408 ἴ

252 2475 302 2502 ac
341 2465 431 2503 sine
471 2467 575 2504 omni
618 2467 883 2505 cauillatione
923 2465 1119 2518 claustro,
1161 2465 1268 2516 quod
1308 2465 1456 2504 dicitur
1489 2465 1594 2503 cella
1635 2467 1777 2502 sancte
1814 2463 1958 2503 Marie
1987 2458 2088 2500 infra
2130 2476 2132 2488 ν

253 2543 387 2570 muros
420 2533 460 2571 in
486 2534 654 2573 Brunna
687 2534 843 2573 domum
876 2538 918 2573 et
949 2545 1103 2586 aream7
1137 2534 1176 2571 in
1203 2544 1283 2584 qua
1315 2533 1420 2572 idem
1450 2533 1672 2572 claustrum
1706 2536 1770 2571 est
1802 2533 2087 2582 constructum,

252 2604 292 2638 et
319 2611 456 2638 aream
482 2612 600 2640 unam
625 2602 664 2640 in
691 2603 829 2652 platea
855 2602 1059 2654 obposita,
1087 2601 1242 2641 domum
1261 2613 1394 2655 unam,
1418 2603 1458 2640 in
1481 2611 1562 2652 qua
1588 2601 1679 2652 ipse
1705 2600 1875 2639 Vlricus
1900 2601 2087 2649 moratur,
