2155 2928
922 167 1024 209 355

56 305 314 348 Brunnensis
346 304 542 356 ponderis
575 309 617 345 et
649 307 737 357 puri
770 309 938 361 argenti
973 308 1092 348 dictis
1125 309 1248 360 priori
1281 313 1323 348 et
1355 307 1551 350 fratribus
1586 314 1893 353 sententialiter

58 374 406 424 condempnarunt
447 377 488 411 et
519 385 686 413 causam
726 375 778 413 ad
811 376 952 414 sedem
984 378 1263 427 apostolicam,
1304 382 1422 427 prout
1455 390 1511 417 ex
1545 379 1743 419 beneficio
1776 382 1888 419 litte-

56 454 191 482 rarum
232 440 346 479 sedis
379 440 561 479 eiusdem
596 446 798 495 poterant,
837 448 1020 494 tempore
1060 445 1196 484 debito
1237 447 1495 485 remiserunt.
1560 446 1687 494 Quam
1721 460 1889 487 causam

59 509 342 550 sanctissimus
365 511 486 558 pater
507 512 548 546 et
571 508 755 547 dominus
775 510 958 549 dominus
972 512 1169 551 Vrbanus
1190 513 1254 551 dei
1273 515 1421 566 gracia
1443 525 1548 563 papa
1570 520 1754 567 quartus7
1775 516 1892 554 nobis

57 576 224 627 Symoni
257 576 520 614 miseratione
554 575 691 615 diuina
724 577 823 615 tituli
864 590 896 616 s.
930 579 1099 617 Martini
1134 581 1365 630 presbitero
1406 582 1605 620 cardinali
1647 582 1893 621 audiendam

58 645 226 696 comisit,
266 647 308 682 et
343 641 423 681 fine
463 643 600 681 debito
640 645 946 683 terminandam.
1015 646 1105 685 Nos
1145 649 1284 698 itaque
1324 649 1471 686 dictum
1512 656 1714 688 rectorem
1755 652 1894 703 primo,

57 711 241 751 secundo
282 714 323 749 et
362 711 494 749 tercio
535 713 811 761 peremptorie
851 713 889 750 in
930 714 1138 753 audientia
1180 716 1340 765 publica
1373 717 1490 754 citari
1523 715 1707 769 fecimus7
1748 722 1791 755 ut
1832 722 1897 756 est

56 779 191 831 moris,
223 782 267 817 ut
297 789 436 816 coram
470 778 590 816 nobis
633 789 708 828 per
747 790 795 817 se
834 780 900 818 uel
942 792 1015 830 per
1047 788 1354 831 procuratorem
1386 783 1589 832 ydoneum
1622 789 1894 837 compareret,

56 848 97 887 in
128 858 256 885 causa
291 846 476 896 predicta
511 851 631 895 prout
663 846 762 884 ordo
797 848 896 885 iuris
931 850 1132 901 exigeret
1166 861 1453 899 processurus,
1506 851 1661 889 Verum
1695 864 1782 890 cum
1816 863 1895 890 nec

57 914 160 954 idem
198 918 338 952 rector
376 924 512 964 neque
552 913 700 964 aliquis
739 914 842 952 alius
884 927 955 964 pro
999 917 1156 969 eodem,
1198 929 1334 956 coram
1378 919 1496 956 nobis
1539 919 1579 957 in
1621 918 1779 969 prelixo
1814 920 1893 958 sibi

56 983 226 1022 termino
259 986 518 1032 compareret
550 981 749 1034 legitime,
791 982 864 1020 sed
901 984 1034 1032 potius
1067 986 1361 1023 contumaciter
1400 997 1643 1035 comparere
1677 992 1893 1037 contemp-

58 1053 188 1102 neret,
235 1054 327 1100 post
372 1048 598 1099 predictum
645 1051 857 1087 terminum
908 1050 1066 1089 diucius
1113 1058 1378 1105 expectatus3
1420 1053 1605 1091 Tandem
1654 1065 1728 1103 pro
1774 1059 1894 1103 parte

58 1118 207 1168 prioris
247 1121 289 1156 et
321 1115 488 1155 fratrum
532 1117 709 1166 ipsorum
749 1117 910 1155 libellus
951 1129 1088 1156 coram
1127 1120 1244 1157 nobis
1287 1121 1326 1158 iu
1367 1120 1513 1159 iudicio
1554 1121 1715 1159 oblatus
1758 1123 1894 1160 extitit

57 1185 98 1224 in
128 1184 235 1223 hunc
267 1184 437 1223 modum.
486 1182 638 1223 Coram
671 1185 792 1223 vobis
826 1186 1066 1224 venerando
1103 1191 1218 1236 patre
1251 1188 1408 1226 domino
1433 1188 1614 1238 Symone
1649 1188 1713 1226 dei
1741 1191 1894 1241 gracia

57 1253 156 1292 tituli
195 1264 228 1291 s.
261 1253 433 1291 Martini
475 1252 721 1302 presbytero
755 1253 954 1292 cardinali
990 1255 1172 1303 partibus
1207 1253 1478 1305 infrascriptis
1518 1268 1541 1293 a
1584 1256 1743 1294 domino
1787 1268 1894 1306 papa

58 1321 243 1359 auditore
265 1331 492 1372 concesso3
527 1321 714 1370 proponit
740 1318 870 1358 frater
890 1319 1108 1360 Conradus
1130 1328 1372 1371 procurator
1405 1351 1414 1360 .
1448 1351 1456 1360 .
1490 1324 1638 1372 prioris
1665 1328 1705 1361 et
1729 1322 1894 1362 fratrum

57 1387 270 1438 hospitalis
310 1388 537 1426 Ierusalem
579 1389 619 1425 in
660 1388 831 1426 Polonia
875 1393 915 1426 et
946 1389 1159 1440 Mon-auia3
1202 1394 1345 1427 contra
1379 1418 1388 1427 .
1422 1419 1430 1427 .
1465 1396 1666 1428 rectorem
1711 1391 1894 1428 ecclesie

57 1467 92 1494 s.
115 1456 253 1494 Iacobi
287 1457 326 1494 in
352 1457 521 1494 Brunna
550 1455 836 1494 Olomucensis
871 1456 1065 1508 diocesis7
1100 1457 1205 1507 quod
1240 1468 1326 1495 cum
1361 1457 1516 1495 decime
1550 1462 1590 1495 et
1623 1460 1710 1495 iura
1746 1470 1894 1508 parro-

57 1523 205 1562 chialia
237 1523 316 1562 loci
342 1523 393 1561 de
419 1522 698 1575 Cunigesuelt
732 1525 965 1573 pertineant
998 1524 1047 1561 ad
1075 1524 1276 1574 hospitale
1310 1525 1547 1577 predictum‚
1581 1530 1621 1563 et
1654 1525 1749 1563 dicti
1784 1527 1895 1576 prior

59 1593 100 1629 et
128 1588 282 1629 fratres
315 1591 355 1628 in
388 1592 660 1640 possessione
695 1591 760 1629 uel
794 1593 910 1641 quasi
946 1591 1190 1630 decimarum
1227 1596 1267 1630 et
1300 1593 1439 1630 iurium
1475 1592 1699 1630 huiusmodi
1734 1594 1894 1630 existe-

59 1662 163 1710 rent7
196 1658 329 1697 dictus
364 1663 503 1697 rector
536 1659 717 1697 decimas
752 1668 793 1697 et
825 1660 913 1697 iura
947 1660 1171 1697 huiusmodi
1206 1665 1392 1712 occupat,
1427 1666 1466 1698 et
1493 1660 1646 1698 detinet
1678 1661 1744 1698 uel
1778 1662 1895 1710 quasi

59 1730 272 1778 occupata,
320 1737 369 1764 ac
422 1727 577 1765 iuribus
625 1726 820 1776 predictis
870 1727 1194 1776 parrochialibus
1235 1729 1356 1765 utitur
1397 1730 1624 1779 occupatis7
1670 1729 1710 1766 in
1754 1739 1893 1766 eorum

57 1791 270 1842 hospitalis
315 1795 463 1843 prioris
506 1798 548 1832 et
586 1792 754 1832 fratrum
797 1794 1062 1843 preiudicium
1109 1799 1149 1833 et
1191 1806 1435 1847 grauamen.
1506 1796 1558 1833 Et
1598 1795 1760 1832 tandem
1803 1800 1894 1834 orta

57 1861 226 1899 materia
266 1862 493 1912 questionis
526 1862 634 1900 inter
666 1866 809 1911 pai-tes
844 1862 1065 1914 predictas,
1108 1874 1233 1912 super
1273 1862 1439 1900 decimis
1480 1867 1520 1900 et
1560 1862 1715 1900 iuribus
1748 1862 1893 1900 huius-

57 1927 161 1966 modi
200 1933 241 1967 et
279 1940 418 1967 coram
459 1958 468 1967 .
512 1958 522 1967 .
564 1930 717 1967 abbate
756 1930 1020 1979 Montissyon
1065 1934 1104 1968 et
1146 1931 1235 1967 eius
1269 1930 1447 1981 collegis
1489 1930 1688 1967 Iudicibus
1732 1942 1754 1967 a
1789 1930 1892 1967 sede

57 1996 281 2046 apostolica
316 1997 522 2046 deputatis
550 1997 709 2036 diucius
734 1999 910 2050 agitata,
946 1998 1039 2035 dicti
1066 1997 1222 2035 iudices
1250 2003 1450 2035 rectorem
1476 1997 1700 2046 predictum
1725 2003 1894 2046 propter

58 2063 147 2102 eius
177 2066 449 2103 contumatias
483 2065 522 2103 in
556 2065 770 2103 duodecim
803 2065 980 2103 marchis
1008 2066 1264 2103 Brunnensis
1300 2065 1494 2114 ponderis
1528 2069 1569 2102 et
1600 2066 1690 2114 puri
1724 2066 1893 2117 argenti

57 2139 330 2180 expensarum
371 2133 531 2170 nomine
570 2133 935 2184 condempnat-unt⁷
984 2138 1024 2170 et
1063 2143 1231 2170 causam
1273 2132 1323 2170 ad
1365 2132 1505 2170 sedem
1544 2132 1810 2182 apostolicam
1851 2136 1894 2170 ut

58 2201 247 2247 poterant
285 2210 341 2238 ex
383 2198 583 2238 beneficio
624 2200 848 2238 litterarum
888 2203 1072 2249 tempore
1112 2199 1248 2238 debito
1291 2201 1547 2237 remiserunt.
1612 2197 1753 2246 Quare
1794 2201 1894 2249 petit

59 2264 162 2304 idem
212 2271 457 2317 procurator
504 2268 813 2318 possessionem
863 2267 1110 2305 decimarum
1156 2270 1198 2305 et
1246 2267 1388 2306 iurium
1440 2267 1752 2316 parrochialium
1794 2278 1893 2317 pre-

60 2331 253 2373 dictorum
286 2335 365 2373 sibi
399 2339 440 2373 et
464 2335 586 2373 dictis
620 2335 744 2385 prIori
777 2337 818 2372 et
841 2332 1038 2372 fratribus
1071 2334 1232 2372 nomine
1265 2334 1480 2383 hospitalis
1514 2334 1685 2384 predicti
1720 2335 1893 2386 restitui7

59 2402 100 2438 et
131 2400 278 2440 dictum
310 2406 513 2441 rectorem
548 2403 709 2441 nomine
743 2402 851 2440 dicte
885 2401 1066 2439 ecclesie
1099 2413 1132 2439 s.
1166 2401 1305 2440 Iacobi
1339 2403 1455 2440 cuius
1488 2406 1626 2439 rector
1659 2402 1811 2453 existit,
1840 2402 1890 2440 ad

58 2469 361 2508 restitucionem
395 2471 636 2522 huiusmodi⁷
680 2481 767 2508 cum
809 2467 1007 2506 fructibus
1047 2470 1255 2518 perceptis
1295 2472 1336 2507 et
1376 2470 1444 2520 qui
1484 2470 1640 2519 percipi
1675 2473 1894 2519 potuerunt

59 2545 133 2584 per
155 2547 235 2576 sex
259 2549 404 2591 anulos,
424 2549 498 2588 per
522 2549 625 2589 quos
649 2539 726 2576 iam
753 2537 932 2575 decimas
958 2537 1071 2587 ipsas
1097 2540 1138 2576 et
1162 2538 1250 2575 iura
1275 2536 1502 2576 huiusmodi
1522 2538 1651 2575 tenuit
1677 2545 1891 2590 occupata⁷

1576 2602 1687 2643 45²7·t
