2155 2928
1049 152 1157 193 408

185 312 207 339 a
242 310 441 351 quoquam
484 297 667 337 effectum
710 296 958 347 presentium
1002 292 1200 343 impediri.
1263 292 1411 332 Actum
1455 290 1637 331 Olomuz.
1683 291 1759 330 111.
1790 291 2020 333 Kalendas.

184 368 443 406 Decembris.
475 367 598 405 Anno
633 364 776 404 domini
812 360 1123 402 MCChxvn.

489 472 540 503 Ex
565 469 751 510 originali
776 470 804 498 in
830 467 961 498 archivo
985 465 1334 506 archiepiscopali
1359 464 1659 497 Cremsiriensi.
1677 483 1719 488 —
1742 464 2020 506 Apographum

589 523 619 552 in
644 518 849 550 codicibus
874 515 1169 548 Cremsiriensi
1204 515 1241 548 C.
1265 517 1323 548 vl.
1353 519 1383 547 ct
1409 515 1582 547 Oloniuc.
1612 516 1637 547 1.
1663 515 1793 546 membr.
1818 514 1958 548 f01.42.
1982 533 2022 540 --

589 571 754 602 Excusnm
778 570 991 600 incorrectius
1023 570 1053 600 in
1077 567 1199 600 Serie
1223 569 1507 608 cpiscoporum
1538 565 1718 598 olomuc.
1747 575 1767 598 a
1789 566 1828 599 F.
1851 566 2022 599 Richter

592 620 692 651 edita.

1022 755 1182 798 CDIII.

181 862 343 907 Bru-no,
376 860 595 910 episcopus
629 857 933 907 Olomucensis,
970 858 1125 910 fundat
1161 858 1476 897 anniversarios
1509 856 1695 909 Adolplzz‘
1723 857 1858 908 patris
1889 858 1958 896 sui
1987 859 2026 897 el

181 927 422 968 Adellzeidis
462 927 608 965 uzalris
649 926 693 964 in
734 926 911 964 ecclesia
954 926 1233 965 Olonmcensi.
1298 927 1369 965 De.
1410 925 1633 977 olomucii,
1671 925 1758 964 111.
1801 924 2022 965 Kalendas

874 992 1135 1043 Decembris,
1175 992 1326 1033 1267.

323 1086 486 1144 Bruno
520 1103 585 1141 dei
611 1103 761 1155 gracia
792 1103 1026 1153 Episcopus
1053 1102 1352 1142 olomucensis.
1401 1102 1628 1141 Vniuersis
1653 1099 1810 1142 Christi
1836 1099 2023 1142 fidelibus

179 1172 286 1210 hanc
312 1171 483 1209 litteram
514 1171 762 1220 inspecturis
789 1171 960 1209 salutem
987 1172 1027 1209 in
1054 1174 1226 1209 auctore
1247 1171 1406 1208 salutis,
1449 1168 1551 1209 Cum
1578 1171 1631 1209 sit
1657 1171 1763 1220 pium
1787 1173 1830 1208 et
1856 1169 2023 1209 salubre

179 1240 371 1292 cogitare
410 1242 451 1276 et
490 1237 640 1288 aliquid
685 1238 878 1276 ordinare
925 1238 977 1277 de
1017 1239 1210 1276 remediis
1249 1239 1470 1276 animarum
1511 1248 1587 1276 nos
1626 1241 1671 1276 vt
1711 1238 1909 1276 convenit
1950 1247 2023 1287 pro

179 1306 391 1344 animabus
424 1306 552 1355 patris
593 1309 634 1343 et
667 1306 805 1344 matris
848 1310 989 1343 nostre
1022 1305 1183 1344 solicite
1223 1306 1464 1358 cogitantes
1498 1305 1733 1343 ordinamus
1767 1304 1818 1343 de
1850 1304 2023 1344 consilio

180 1380 221 1412 et
253 1384 461 1411 consensu
502 1373 739 1411 dilectorum
780 1374 819 1411 in
854 1371 1024 1412 Christo
1067 1373 1344 1412 Bartholomei
1386 1372 1534 1411 decani
1576 1372 1786 1411 Herbordi
1826 1372 2023 1423 prepositi

180 1441 379 1493 Magistri
413 1440 607 1478 Iohannis
642 1440 940 1479 Archidiaconi
974 1440 1258 1480 Olomucensis
1291 1440 1471 1479 Simonis
1505 1439 1703 1480 Custodis
1733 1439 1892 1480 Allexii
1923 1450 2024 1490 pre-

181 1509 299 1557 positi
335 1509 372 1546 in
406 1506 816 1546 Wolffamskirchen
850 1508 1147 1547 Archidiaconi
1172 1508 1450 1558 Znoymensis
1482 1507 1719 1559 Heydolplii
1752 1508 1950 1558 prepositi
1983 1509 2025 1547 et

180 1576 477 1614 Archidiaconi
519 1574 836 1615 Cremsiriensis
877 1580 918 1614 et
965 1576 1134 1614 aliorum
1176 1574 1480 1614 Canonicorum
1520 1580 1749 1615 nostrorum
1787 1579 1884 1614 tunc
1925 1585 2024 1626 pre-

180 1644 361 1681 sencium
402 1643 508 1693 quod
551 1644 625 1681 III.
665 1643 811 1681 Nonas
850 1644 1031 1682 Ianuarii
1079 1647 1236 1696 agatur
1276 1648 1476 1694 perpetuo
1523 1644 1854 1682 Anniuersarius
1890 1643 2024 1694 patric

180 1712 312 1748 noso-2·
351 1710 522 1750 Comitis
556 1710 741 1762 Adolpln'
781 1712 820 1749 in
854 1711 1049 1750 Ecclesia
1083 1710 1344 1750 Olomucensi
1387 1711 1425 1749 in
1461 1712 1619 1764 vigiliis
1660 1715 1700 1749 et
1733 1710 1865 1749 oll'icio
1899 1711 2022 1748 misse

185 1778 464 1827 sollempniter
489 1779 764 1817 decantandis
791 1782 833 1817 et
856 1780 1171 1817 anniuersarius
1196 1779 1342 1817 macris
1365 1781 1505 1818 nostre
1524 1778 1779 1829 Adellzeydis
1802 1777 1899 1817 Vn.
1924 1777 2022 1816 Idus

181 1846 335 1895 Aprilis
360 1846 545 1884 similiter
570 1850 814 1899 peragetur.
846 1847 914 1885 Ad
934 1846 1009 1885 hos
1028 1846 1131 1885 duos
1152 1847 1466 1885 anniuersarios
1487 1846 1764 1885 celebrandos
1783 1845 2023 1896 deputamus

182 1918 355 1964 quatuor
374 1914 528 1952 talenta
547 1913 626 1952 duo
644 1914 804 1964 quidem
828 1914 877 1953 ad
898 1915 1227 1952 anniuersarium
1256 1916 1385 1964 patris
1410 1918 1451 1953 et
1467 1914 1633 1953 totidem
1659 1914 1710 1953 ad
1734 1914 1876 1952 matris
1902 1912 2022 1952 anni-

181 1982 420 2019 uersarium.
483 1982 538 2020 Et
570 1981 773 2020 dabuntur
805 1982 973 2020 cuilibet
1006 1980 1220 2022 Canonico
1254 1983 1436 2032 presenti
1474 1983 1558 2022 XII
1591 1982 1751 2021 denarii
1785 1984 1825 2020 et
1857 1980 2025 2019 cuilibet

184 2049 339 2086 vicar10
375 2053 574 2098 perpetuo
608 2049 671 2088 VI
704 2049 862 2087 denarii
897 2052 937 2087 et
969 2049 1048 2087 hec
1082 2049 1133 2087 de
1168 2060 1248 2088 vno
1282 2049 1449 2088 talento.
1512 2050 1611 2088 Item
1645 2050 1696 2088 de
1730 2049 1810 2087 alio
1841 2048 2024 2087 thalento

183 2114 344 2153 dabitur
369 2116 569 2154 dimidium
594 2116 788 2155 talentum
814 2117 1045 2155 scolaribus
1065 2117 1115 2155 de
1141 2128 1220 2168 quo
1245 2119 1375 2156 eciam
1401 2122 1575 2168 quatuor
1599 2117 1757 2156 denarii
1783 2117 1904 2156 dandi
1930 2118 2024 2155 sunt

182 2183 348 2221 cuilibet
381 2185 642 2234 campanario
674 2185 741 2235 qui
775 2184 1018 2223 deseruiunt
1047 2185 1087 2223 in
1121 2185 1303 2224 ecclesia
1327 2186 1481 2223 maiori.
1525 2186 1624 2224 Item
1653 2184 1855 2223 dimidium
1886 2184 2023 2224 talen-

182 2253 262 2288 tum
295 2251 400 2289 inter
432 2263 641 2302 pauperes
664 2252 883 2291 diuidetur.
930 2253 986 2292 Et
1017 2254 1078 2291 sic
1104 2256 1169 2291 est
1200 2254 1240 2291 in
1265 2257 1440 2303 vtroque
1465 2253 1754 2291 anniuersario
1780 2251 2023 2292 faciendum.

183 2317 274 2355 Hec
309 2322 482 2368 quatuor
522 2320 677 2358 talenta
711 2320 952 2370 recipienda
992 2324 1087 2359 sunt
1119 2321 1238 2358 annis
1278 2321 1459 2374 singulis
1492 2320 1544 2359 de
1586 2320 1703 2359 bouis
1737 2324 1778 2359 et
1810 2320 1862 2359 de
1894 2330 2023 2359 censu

185 2385 224 2421 in
250 2385 548 2425 Brunesuerde
574 2388 613 2426 in
639 2387 875 2438 Fridcbery
902 2392 944 2427 et
965 2389 1004 2426 in
1030 2389 1236 2427 Zwenser
1259 2399 1348 2427 cum
1375 2392 1417 2427 et
1444 2388 1618 2427 eundem
1644 2399 1813 2427 censum
1846 2388 2022 2438 deputa-

185 2452 361 2490 uerimus
395 2457 437 2491 vt
462 2455 501 2492 in
533 2455 624 2493 aliis
653 2459 828 2505 apparet
859 2456 1006 2494 litteris
1032 2467 1105 2505 pro
1129 2456 1430 2495 anniuersariis
1457 2457 1587 2495 eciam
1620 2456 1712 2495 aliis
1744 2454 2020 2495 celebrandis.

188 2515 306 2563 Quod
338 2523 471 2559 autem
502 2520 581 2560 hec
615 2522 825 2562 ordinacio
858 2534 948 2562 cum
980 2524 1033 2563 sit
1066 2524 1132 2574 pia
1164 2527 1206 2563 et
1237 2524 1418 2563 salubris
1449 2524 1577 2563 robur
1608 2524 1792 2563 obtineat
1821 2526 2022 2574 perpetue
