2155 2928
819 220 851 225 ᾗ
926 166 1030 208 373

52 303 104 345 de
143 303 317 343 Hos-siz.
358 302 410 342 de
441 302 640 344 Stiborz‘z.
680 302 732 342 de
771 304 985 345 lescowiz.
1028 305 1079 345 de
1112 304 1299 346 Gemm’z.
1339 307 1390 346 de
1422 309 1586 350 Zadek.
1628 313 1678 351 de
1710 314 1888 355 [labniz.

55 372 106 412 de
141 372 436 411 Bratrz‘cowiz.
483 370 535 409 de
572 371 793 410 Mladotiz.
836 372 887 410 de
926 372 1120 411 Eclwrdi
1159 374 1274 412 villa.
1317 374 1367 413 de
1407 376 1642 417 Hermcmm·
1686 382 1799 420 villa.
1839 382 1889 421 de

50 438 373 480 Boch‘danewiz.
412 438 464 477 de
495 437 838 489 ›saltonem—unm,
882 451 955 489 pro
989 440 1256 480 decimalibus
1296 441 1479 482 denariis
1513 457 1688 484 marcam
1728 450 1817 486 auri
1848 450 1888 487 in

52 511 197 547 octaua
229 506 341 545 beati
380 506 552 545 Martini
598 506 716 544 nobis
749 507 916 545 soluere
957 508 1135 546 debeant
1169 511 1387 548 annuatim.
1450 511 1539 550 Nos
1579 513 1629 551 ad
1673 513 1793 552 huius
1827 517 1888 554 rei

50 575 275 615 memoriam
322 578 364 612 et
403 573 659 612 euidenciam
710 578 943 623 presentem
993 577 1188 628 paginam
1238 578 1460 631 conscribi7
1503 583 1545 617 et
1591 581 1718 634 sigilli
1760 584 1888 621 nostri

49 643 240 682 iussimus
270 642 486 680 munimine
519 641 721 679 roborari.
763 643 910 680 Actum
945 646 985 681 et
1017 643 1150 682 datum
1183 645 1290 695 apud
1321 644 1558 685 Cremeser.
1591 647 1644 686 V.
1672 649 1888 688 Kalendas

50 710 206 763 Martii,
237 721 345 748 anno
380 709 527 747 domini
560 708 620 748 M.
655 707 743 749 CC.
779 709 918 748 LXV.

353 815 407 846 Ex
437 815 625 856 originali
654 815 778 856 absque
806 816 914 856 sigillo
938 817 967 846 in
992 817 1080 848 arch.
1107 815 1282 857 ejusdem
1306 821 1499 850 monasterii.
1530 838 1571 843 —
1599 820 1888 862 Apographum

455 867 487 896 iu
510 865 653 897 codice
677 866 1000 897 Welehradensi
1024 868 1076 898 fol.
1101 866 1163 899 82.

833 1030 1110 1073 CCCLxxl.

46 1138 247 1181 Ludmila
272 1139 323 1179 de
354 1128 462 1193 ΙξῘὲθ
487 1142 530 1180 in
554 1142 752 1180 Morsu-ia
783 1141 925 1180 vendit
944 1143 1195 1180 monasterio
1220 1143 1447 1182 Zwetlensz·
1473 1143 1658 1182 redditas
1684 1144 1885 1195 quosdam

410 1210 455 1248 in
493 1208 801 1261 Il'alkersdorf.
863 1210 968 1249 Acta
1001 1210 1068 1248 die
1098 1211 1176 1248 25.
1209 1211 1331 1262 Maji,
1371 1211 1518 1250 1265.

189 1300 430 1360 Universis
471 1318 627 1359 Christi
671 1317 857 1357 fidelibus
897 1322 1118 1369 presentes
1157 1319 1316 1358 litteras
1357 1320 1617 1370 inspecturis,
1680 1321 1881 1359 Ludmilla

47 1385 98 1425 de
128 1385 314 1426 Revsch.
357 1385 436 1425 filia
475 1387 676 1437 quondam
723 1388 877 1437 antiqui
921 1387 1172 1440 lvitigonis.
1218 1387 1390 1425 salutem
1438 1389 1475 1425 in
1522 1388 1679 1425 domino
1729 1389 1884 1438 sempi-

49 1457 217 1493 ternam.
268 1453 372 1502 Quia
407 1454 663 1493 succedente
696 1458 893 1504 tempore.
934 1455 1095 1493 accedit
1129 1459 1169 1493 et
1202 1455 1417 1493 oblivionis
1450 1455 1619 1493 macula.
1659 1466 1733 1505 per
1765 1467 1883 1505 quam

50 1521 152 1561 liber
200 1524 392 1561 memorie
442 1521 696 1561 obfuscatur.
744 1527 785 1561 et
825 1523 960 1561 solent
1001 1521 1191 1561 infirmari
1233 1523 1401 1561 diverse
1441 1523 1638 1560 hominum
1679 1523 1879 1561 actiones.

45 1589 218 1630 interest
256 1589 327 1640 (22)
383 1590 602 1640 plurimum.
651 1591 687 1629 si
737 1590 843 1641 quod
900 1591 1030 1643 digne
1079 1591 1119 1628 in
1165 1591 1393 1629 memoriam
1443 1591 1616 1628 vertitur
1671 1589 1882 1628 hominum.

48 1659 250 1708 scripture
274 1659 409 1697 studio
443 1658 672 1696 condiatur.
721 1658 992 1711 Singulorum
1015 1659 1145 1710 igitur
1177 1658 1317 1696 notitie
1350 1657 1399 1695 ad
1428 1669 1529 1707 quos
1563 1667 1738 1707 presens
1771 1658 1881 1695 scri-

46 1728 150 1776 ptum
183 1725 401 1765 deuenerit
432 1724 610 1776 patefiat.
645 1726 751 1776 quod
787 1737 873 1779 ego
906 1726 1124 1765 Ludnusslla
1163 1725 1213 1763 de
1245 1724 1414 1765 Reasch
1447 1726 1609 1774 pietatis
1642 1724 1776 1762 studio
1811 1725 1878 1762 in-

46 1793 181 1831 citata.
213 1794 433 1832 intendens
466 1794 568 1832 dare
601 1805 768 1844 operam
809 1796 941 1832 sorori
976 1805 1064 1832 mee
1097 1793 1256 1831 domine
1291 1793 1507 1831 Katarine.
1541 1792 1593 1829 ad
1634 1789 1881 1830 fundandam

46 1861 333 1912 plantationem
367 1873 516 1900 novam
543 1861 698 1900 ordinis
727 1860 1039 1912 Cystereiensis
1065 1862 1103 1898 in
1130 1861 1304 1899 Boeme'a
1338 1871 1409 1909 pro
1444 1859 1695 1897 habitatione
1720 1859 1879 1897 sancti-

45 1929 270 1968 monialium
299 1928 550 1968 feminarum.
580 1930 747 1968 vendidi
780 1930 938 1968 domino
966 1929 1189 1969 Chunrado
1223 1927 1449 1966 venerabili
1483 1927 1619 1964 abbati
1651 1926 1701 1964 de
1730 1926 1883 1965 Zwech

44 1995 84 2035 in
108 1997 291 2036 Austria.
318 1997 371 2036 de
399 1999 669 2048 possessione
703 2009 792 2036 mea
824 1997 1089 2036 hereditaria.
1123 1995 1319 2034 redditum
1354 1995 1531 2044 quinque
1563 1994 1806 2032 talentorum
1840 1996 1881 2032 et

45 2062 241 2103 dimidium
275 2066 315 2103 in
355 2065 662 2117 Whllcersdorf.
704 2077 776 2116 pro
810 2066 960 2118 viginti
1003 2065 1151 2102 marcis
1192 2063 1372 2115 argenti.
1415 2065 1455 2100 ut
1490 2073 1563 2111 per
1603 2061 1769 2099 easdem
1809 2071 1879 2099 res

44 2131 224 2171 mobiles.
258 2133 520 2183 plantationis
545 2145 654 2172 nove
688 2133 886 2183 predicte.
918 2143 987 2170 res
1022 2131 1243 2169 immobiles
1268 2134 1565 2179 comparentur.
1601 2129 1654 2166 ita
1687 2139 1804 2166 sane.
1837 2131 1881 2166 ut

45 2201 120 2238 tam
161 2211 235 2249 per
276 2202 584 2251 possessionem
627 2201 847 2240 venditam.
889 2211 1004 2250 quam
1054 2210 1128 2248 per
1169 2202 1350 2247 emptam.
1392 2201 1434 2234 ut
1475 2196 1625 2246 ubique
1669 2197 1880 2234 serviatur

50 2268 216 2306 omnium
249 2269 463 2307 conditori.
525 2269 648 2310 Unde
681 2280 768 2307 cum
802 2266 953 2306 fratres
985 2268 1060 2304 mei
1099 2266 1266 2317 lvitigo
1300 2264 1350 2301 de
1379 2263 1541 2303 anliz.
1575 2263 1793 2316 Hogerius
1827 2262 1878 2301 de

43 2331 337 2388 VVitigenaue.
366 2336 621 2376 WVilhelmus
655 2346 816 2387 quoque
849 2335 900 2372 de
924 2333 1123 2383 Syzinko.
1155 2332 1411 2371 Zumbracus
1445 2331 1496 2369 de
1521 2331 1640 2370 Linz.
1673 2341 1728 2369 ex
1762 2333 1879 2380 parte

44 2411 224 2441 sororum
256 2415 435 2442 mearum
465 2403 688 2444 Get-trudis
721 2408 762 2442 et
783 2403 897 2441 que.
931 2406 972 2440 et
996 2412 1135 2438 omnes
1160 2399 1354 2437 heredes.
1383 2399 1528 2448 quibus
1562 2398 1629 2437 vel
1664 2409 1717 2436 ex
1741 2397 1878 2447 aliqua

43 2478 170 2508 causa
196 2471 264 2509 vel
284 2473 509 2510 occasione
534 2472 718 2521 predicte
744 2469 1023 2520 possessionis
1049 2467 1260 2505 hereditas
1284 2466 1350 2505 vel
1375 2477 1493 2504 nunc.
1514 2466 1580 2504 vel
1607 2467 1644 2503 in
1672 2469 1877 2515 posterum

43 2536 258 2577 videbitur.
279 2540 383 2578 omni
400 2540 476 2578 iuri
497 2539 741 2578 hereditatis
760 2542 801 2576 et
819 2536 1064 2587 impeticioni
1089 2535 1296 2574 cesserint
1312 2534 1512 2573 absolute.
1532 2537 1573 2572 ut
1588 2536 1665 2572 tam
1687 2535 1877 2583 ipsorum.
