2155 2928
921 178 1025 221 377

49 307 178 348 mariti
224 309 300 348 mei
348 309 495 350 domini
543 311 766 354 ”filchardi
812 318 877 367 pie
925 323 1117 360 memorie
1165 323 1241 363 iam
1290 325 1470 368 defuncti
1518 340 1756 390 provocata⁷
1807 352 1882 388 pro

48 376 227 416 remedio
276 377 406 428 ipsius
458 380 591 418 anime
638 393 689 419 ac
736 394 825 422 mea
868 388 1035 437 propria
1082 394 1124 428 et
1171 389 1249 430 filie
1296 405 1384 432 mee
1431 398 1577 439 salute.
1645 404 1791 445 Villam
1844 412 1884 448 in

46 445 336 495 Ezelenslaqe.
375 457 463 485 cum
498 448 727 487 molendino
761 451 981 493 adiacente
1014 454 1211 497 fratribus
1247 468 1287 500 et
1320 469 1543 506 conventui
1577 477 1810 513 monasterii
1845 478 1885 516 in

47 512 197 554 Zwetll
226 513 277 552 ad
312 513 481 553 officium
514 516 751 557 subcellarii
786 531 860 569 pro
893 522 1076 562 eiusdem
1109 535 1338 568 conventus
1371 533 1517 573 solatio
1551 539 1745 588 ampliori.
1781 554 1885 582 con-

46 579 114 620 tuli
147 580 449 630 possidendam.
513 582 644 632 Quam
684 587 819 626 villam
861 591 1071 639 predictus
1110 598 1276 635 maritus
1317 611 1429 639 meus
1472 603 1645 653 prefatis
1687 607 1882 653 fratribus

44 646 324 701 delegaverat
356 651 492 690 adhuc
525 653 690 706 vivens,
716 657 992 709 resignantes
1025 665 1147 701 totum
1181 664 1243 702 ius
1276 673 1454 708 nostrum
1488 682 1576 711 cum
1602 674 1711 729 uilla7
1740 689 1882 729 quem-

43 715 254 755 admodum
307 717 414 757 illam
464 721 722 770 possedimus
772 725 905 764 multis
955 730 1086 768 annis.
1139 729 1218 771 filia
1268 746 1429 786 quoque
1479 751 1568 780 mea
1625 743 1744 784 lvtta.
1794 759 1881 788 cum

43 784 226 838 coniuge
257 797 333 825 suo
365 786 564 827 Iohanne.
598 790 674 829 iuri
706 802 796 844 suo,
830 794 938 844 quod
971 796 1010 834 in
1046 798 1139 837 villa
1174 808 1401 858 prenotata7
1435 805 1593 848 habere
1620 812 1880 870 videbantur,

41 851 305 906 integraliter
336 856 702 897 renunciaverunt.
768 861 832 900 Ad
868 863 985 901 cuius
1020 867 1079 904 rei
1113 868 1343 909 evidentem
1377 875 1601 916 cautellam.
1643 888 1878 929 presentem

42 919 214 959 litteram
247 933 337 961 cum
369 923 512 977 sigillo
545 928 711 976 proprio
745 931 875 968 mariti
910 932 984 970 mei
1023 936 1166 973 censui
1208 938 1408 979 roborare
1439 953 1527 981 cum
1565 948 1739 987 testibus
1775 952 1878 990 sub-

38 989 201 1027 notatis.
257 988 336 1038 Qui
367 996 474 1030 sunt.
511 992 809 1035 wei-ahardus
843 996 947 1037 filius
982 1003 1111 1050 patrui
1146 1003 1292 1044 domini
1327 1007 1568 1050 Wikhardi.
1614 1014 1868 1058 Ekkhardus

40 1054 92 1094 de
121 1056 389 1112 Mizilbaritz7
422 1063 464 1099 et
495 1058 627 1101 frater
658 1063 789 1113 ipsius
822 1065 1049 1107 Hartlibus.
1092 1070 1274 1112 dominus
1308 1074 1555 1118 chunradus
1589 1082 1789 1131 plebanus
1822 1088 1874 1127 de

38 1121 257 1179 Fretking.
297 1126 483 1167 dominus
522 1130 717 1170 Almarus
751 1133 954 1183 plebanus
988 1137 1038 1176 de
1070 1138 1347 1182 Drozendorf.
1389 1145 1641 1188 waltherus
1673 1153 1787 1192 miles
1820 1155 1872 1195 de

38 1191 191 1242 OE‘yrna.
224 1193 409 1234 dominus
433 1197 563 1251 Hugo
598 1199 649 1238 de
683 1201 981 1243 Lichtenwels.
1014 1206 1197 1246 dominus
1232 1210 1444 1264 Pilgrinus
1478 1215 1529 1254 de
1561 1217 1861 1262 Swarzenaue.

38 1262 80 1297 et
108 1259 176 1298 alii
208 1262 315 1301 multi
348 1263 500 1314 ydonei
533 1271 575 1305 et
608 1268 724 1318 probi
758 1271 850 1309 viri.
897 1273 1006 1312 Acta
1040 1281 1135 1314 sunt
1166 1277 1245 1316 hec
1278 1292 1383 1319 anno
1410 1282 1555 1323 domini
1573 1286 1710 1327 MCC.
1734 1290 1869 1331 LXV.

36 1324 181 1368 Sciant
212 1340 375 1382 quoque
406 1334 594 1374 universi
635 1348 686 1375 ac
728 1339 899 1392 singuli.
940 1343 1045 1392 quod
1088 1344 1271 1385 dominus
1312 1349 1442 1388 abhas
1483 1356 1524 1390 et
1555 1361 1785 1396 conventus
1819 1359 1871 1399 de

37 1393 184 1435 Geras.
222 1398 370 1448 quibus
411 1400 610 1451 prefatam
653 1406 790 1445 villam
823 1408 958 1448 adhuc
992 1412 1142 1451 vivens
1184 1420 1279 1454 ante
1312 1428 1442 1456 annos
1475 1420 1633 1471 aliquos
1666 1426 1868 1478 resigna-

35 1467 168 1503 verat.
208 1469 287 1505 tam
320 1467 359 1506 in
392 1470 604 1520 sepultura
637 1473 784 1513 domini
818 1476 1074 1518 UHchharffi
1108 1492 1225 1532 quam
1258 1488 1352 1522 ante
1386 1486 1514 1535 ipsius
1554 1489 1714 1529 obitum.
1749 1496 1866 1544 quic-

35 1540 195 1582 cuuque
227 1534 328 1572 iuris
361 1537 423 1575 sui
458 1536 593 1578 fuerat
624 1553 729 1592 sepe
763 1543 882 1583 dictis
916 1544 1112 1587 fratribus
1145 1552 1484 1604 resignaverunt.
1525 1557 1564 1595 in
1597 1563 1866 1607 possessione

33 1599 230 1648 predicta.
293 1603 342 1642 In
388 1606 506 1645 cuius
547 1609 607 1646 rei
656 1611 831 1650 evidens
873 1616 1141 1655 testimonium
1190 1619 1293 1658 idem
1335 1621 1466 1660 abbas
1507 1628 1689 1673 presenti
1729 1628 1865 1670 littere

33 1667 210 1720 sigillum
229 1670 356 1721 ipsum
382 1677 572 1724 apposuit
596 1682 637 1717 et
664 1680 883 1729 impressit.
908 1683 1082 1722 testibus
1103 1686 1345 1726 subnotatis.
1380 1688 1557 1736 Quorum
1575 1695 1734 1733 nomina
1758 1702 1866 1737 sunt.

34 1733 215 1776 dominus
255 1738 523 1782 &Vinliardus
565 1744 618 1784 de
664 1747 899 1788 Laukwitz.
938 1751 1191 1792 R'altherus
1232 1755 1282 1793 de
1321 1756 1476 1806 Tyrna.
1520 1763 1561 1798 et
1601 1761 1866 1804 uslukai-dus

31 1800 158 1843 frater
189 1807 331 1856 ipsius.
369 1809 555 1851 Ditricus
595 1818 636 1853 et
676 1815 942 1857 W'inhardus
981 1817 1147 1859 fratres.
1187 1820 1290 1861 filius
1333 1824 1542 1878 Hugonis.
1584 1827 1866 1872 Wolsnardus

31 1873 74 1911 et
102 1872 369 1916 Waltherus.
403 1876 470 1917 filii
502 1880 719 1922 &Valtheri
754 1884 805 1924 de
838 1886 995 1937 Tyrna.
1028 1899 1117 1927 cum
1150 1890 1239 1929 aliis
1273 1892 1415 1931 multis.

334 1983 389 2015 Ex
412 1987 603 2028 originali
626 1989 773 2021 ibidem
797 2001 868 2023 cum
891 1991 1015 2025 duobus
1041 1996 1167 2037 sigillis.

796 2155 832 2198 C
837 2155 872 2198 C
877 2156 1099 2200 CLXXV.

28 2241 139 2285 Smil
168 2246 219 2286 de
248 2248 536 2305 Lichlenburq
568 2254 697 2296 donat
724 2261 974 2299 monasterio
1007 2262 1196 2302 Zurensi
1226 2265 1429 2315 capellam
1460 2267 1503 2306 in
1531 2267 1738 2309 Chole'bor'·
1769 2285 1862 2313 cum

86 2312 176 2353 dote
207 2318 247 2355 et
274 2317 435 2360 decima
467 2321 656 2364 thelonei.
719 2326 791 2365 ΙΙΙ.
831 2328 874 2366 in
906 2328 1219 2381 ›S'mnmerbu1y‚
1252 2332 1330 2372 11³.
1362 2334 1508 2374 Nonas
1540 2337 1800 2395 Decembris,

873 2395 1021 2436 1265.

193 2475 251 2535 In
274 2498 435 2538 nomine
458 2505 604 2541 sancte
628 2506 669 2542 et
693 2503 900 2544 indiuidue
924 2507 1116 2546 trinitatis
1141 2520 1270 2548 amen.
1311 2511 1399 2550 Nos
1418 2512 1549 2553 Zmilo
1573 2514 1625 2555 de
1641 2516 1857 2558 Luchten-

27 2556 154 2600 burch
186 2563 296 2604 Baro
336 2566 505 2609 illustris
538 2570 678 2624 Regis
719 2572 886 2612 Boemie
920 2575 1102 2614 omnibus
1144 2582 1362 2626 presentes
1404 2581 1652 2633 inspecturis
1685 2586 1858 2628 salutem

1583 2652 1652 2692 48
