<?xml version="1.0" encoding="UTF-8"?>
<!DOCTYPE html PUBLIC "-//W3C//DTD XHTML 1.0 Transitional//EN"
    "http://www.w3.org/TR/xhtml1/DTD/xhtml1-transitional.dtd">
<html xmlns="http://www.w3.org/1999/xhtml" xml:lang="en" lang="en">
 <head>
  <title>
</title>
<meta http-equiv="Content-Type" content="text/html;charset=utf-8" />
  <meta name='ocr-system' content='tesseract 3.04.00' />
  <meta name='ocr-capabilities' content='ocr_page ocr_carea ocr_par ocr_line ocrx_word'/>
</head>
<body>
  <div class='ocr_page' id='page_1' title='image "./codexdiplomaticu03morauoft/codexdiplomaticu03morauoft_0373.png"; bbox 0 0 2155 2928; ppageno 0'>
   <div class='ocr_carea' id='block_1_1' title="bbox 918 162 1022 203">
    <p class='ocr_par' dir='ltr' id='par_1_1' title="bbox 918 162 1022 203">
     <span class='ocr_line' id='line_1_1' title="bbox 918 162 1022 203; baseline 0 0"><span class='ocrx_word' id='word_1_1' title='bbox 918 162 1022 203; x_wconf 87' lang='grc'>303</span> 
     </span>
    </p>
   </div>
   <div class='ocr_carea' id='block_1_2' title="bbox 52 298 1888 355">
    <p class='ocr_par' dir='ltr' id='par_1_2' title="bbox 52 298 1888 355">
     <span class='ocr_line' id='line_1_2' title="bbox 52 298 1888 355; baseline -0.004 -10"><span class='ocrx_word' id='word_1_2' title='bbox 52 310 97 348; x_wconf 83' lang='lat' dir='ltr'>vt</span> <span class='ocrx_word' id='word_1_3' title='bbox 140 305 193 345; x_wconf 88' lang='lat' dir='ltr'>ad</span> <span class='ocrx_word' id='word_1_4' title='bbox 239 304 520 355; x_wconf 75' lang='lat' dir='ltr'>receptionem</span> <span class='ocrx_word' id='word_1_5' title='bbox 560 307 602 344; x_wconf 91' lang='lat' dir='ltr'>et</span> <span class='ocrx_word' id='word_1_6' title='bbox 640 304 914 355; x_wconf 88' lang='lat' dir='ltr'>prouisionem</span> <span class='ocrx_word' id='word_1_7' title='bbox 962 303 1134 343; x_wconf 88' lang='lat' dir='ltr'>alicuius</span> <span class='ocrx_word' id='word_1_8' title='bbox 1174 303 1213 341; x_wconf 93' lang='lat' dir='ltr'>in</span> <span class='ocrx_word' id='word_1_9' title='bbox 1253 302 1523 352; x_wconf 79' lang='lat' dir='ltr'>pensionibus</span> <span class='ocrx_word' id='word_1_10' title='bbox 1556 298 1632 340; x_wconf 83' lang='lat' dir='ltr'>&#39;vel</span> <span class='ocrx_word' id='word_1_11' title='bbox 1673 300 1888 340; x_wconf 80' lang='lat' dir='ltr'>beneficiis</span> 
     </span>
    </p>
   </div>
   <div class='ocr_carea' id='block_1_3' title="bbox 53 370 1892 826">
    <p class='ocr_par' dir='ltr' id='par_1_3' title="bbox 53 370 1892 826">
     <span class='ocr_line' id='line_1_3' title="bbox 53 370 1887 420; baseline -0.003 -7"><span class='ocrx_word' id='word_1_12' title='bbox 53 374 352 416; x_wconf 86' lang='lat' dir='ltr'>ecclesiasticis</span> <span class='ocrx_word' id='word_1_13' title='bbox 399 373 556 411; x_wconf 88' lang='lat' dir='ltr'>minime</span> <span class='ocrx_word' id='word_1_14' title='bbox 598 373 819 411; x_wconf 85' lang='lat' dir='ltr'>teneamini</span> <span class='ocrx_word' id='word_1_15' title='bbox 867 383 946 410; x_wconf 90' lang='lat' dir='ltr'>nec</span> <span class='ocrx_word' id='word_1_16' title='bbox 993 371 1043 410; x_wconf 90' lang='lat' dir='ltr'>ad</span> <span class='ocrx_word' id='word_1_17' title='bbox 1084 371 1123 409; x_wconf 91' lang='lat' dir='ltr'>id</span> <span class='ocrx_word' id='word_1_18' title='bbox 1170 370 1355 420; x_wconf 89' lang='lat' dir='ltr'>compelli</span> <span class='ocrx_word' id='word_1_19' title='bbox 1398 370 1565 420; x_wconf 90' lang='lat' dir='ltr'>possitis</span> <span class='ocrx_word' id='word_1_20' title='bbox 1614 380 1689 419; x_wconf 85' lang='lat' dir='ltr'>per</span> <span class='ocrx_word' id='word_1_21' title='bbox 1727 370 1887 408; x_wconf 82' lang='lat' dir='ltr'>litteras</span> 
     </span>
     <span class='ocr_line' id='line_1_4' title="bbox 53 436 1889 493; baseline -0.003 -13"><span class='ocrx_word' id='word_1_22' title='bbox 53 441 316 493; x_wconf 73' lang='lat' dir='ltr'>apostolicaS,</span> <span class='ocrx_word' id='word_1_23' title='bbox 349 450 430 490; x_wconf 87' lang='lat' dir='ltr'>que</span> <span class='ocrx_word' id='word_1_24' title='bbox 464 440 624 490; x_wconf 86' lang='lat' dir='ltr'>plenam</span> <span class='ocrx_word' id='word_1_25' title='bbox 658 444 699 478; x_wconf 89' lang='lat' dir='ltr'>et</span> <span class='ocrx_word' id='word_1_26' title='bbox 730 451 974 490; x_wconf 77' lang='lat' dir='ltr'>expressam</span> <span class='ocrx_word' id='word_1_27' title='bbox 1008 439 1059 477; x_wconf 90' lang='lat' dir='ltr'>de</span> <span class='ocrx_word' id='word_1_28' title='bbox 1093 438 1363 491; x_wconf 79' lang='lat' dir='ltr'>indulgencia</span> <span class='ocrx_word' id='word_1_29' title='bbox 1394 436 1622 475; x_wconf 90' lang='lat' dir='ltr'>huiusmodi</span> <span class='ocrx_word' id='word_1_30' title='bbox 1664 440 1705 474; x_wconf 89' lang='lat' dir='ltr'>et</span> <span class='ocrx_word' id='word_1_31' title='bbox 1744 437 1889 474; x_wconf 88' lang='lat' dir='ltr'>ordine</span> 
     </span>
     <span class='ocr_line' id='line_1_5' title="bbox 53 502 1889 559; baseline -0.004 -11"><span class='ocrx_word' id='word_1_32' title='bbox 53 513 194 549; x_wconf 86' lang='lat' dir='ltr'>vestro</span> <span class='ocrx_word' id='word_1_33' title='bbox 227 519 307 546; x_wconf 93' lang='lat' dir='ltr'>non</span> <span class='ocrx_word' id='word_1_34' title='bbox 346 505 524 545; x_wconf 78' lang='lat' dir='ltr'>fecerint</span> <span class='ocrx_word' id='word_1_35' title='bbox 562 508 825 545; x_wconf 82' lang='lat' dir='ltr'>mencionem.</span> <span class='ocrx_word' id='word_1_36' title='bbox 881 507 989 545; x_wconf 85' lang='lat' dir='ltr'>Nulli</span> <span class='ocrx_word' id='word_1_37' title='bbox 1031 517 1139 559; x_wconf 88' lang='lat' dir='ltr'>ergo</span> <span class='ocrx_word' id='word_1_38' title='bbox 1183 507 1341 544; x_wconf 93' lang='lat' dir='ltr'>omnino</span> <span class='ocrx_word' id='word_1_39' title='bbox 1380 504 1580 542; x_wconf 85' lang='lat' dir='ltr'>hominnm</span> <span class='ocrx_word' id='word_1_40' title='bbox 1619 504 1742 541; x_wconf 87' lang='lat' dir='ltr'>liceat</span> <span class='ocrx_word' id='word_1_41' title='bbox 1781 502 1889 540; x_wconf 87' lang='lat' dir='ltr'>banc</span> 
     </span>
     <span class='ocr_line' id='line_1_6' title="bbox 55 571 1888 630; baseline -0.003 -16"><span class='ocrx_word' id='word_1_42' title='bbox 55 577 251 630; x_wconf 80' lang='lat' dir='ltr'>paginam</span> <span class='ocrx_word' id='word_1_43' title='bbox 282 579 425 613; x_wconf 89' lang='lat' dir='ltr'>nostre</span> <span class='ocrx_word' id='word_1_44' title='bbox 457 574 745 612; x_wconf 87' lang='lat' dir='ltr'>concessionis</span> <span class='ocrx_word' id='word_1_45' title='bbox 778 572 1031 626; x_wconf 70' lang='lat' dir='ltr'>infringere7</span> <span class='ocrx_word' id='word_1_46' title='bbox 1076 574 1143 611; x_wconf 83' lang='lat' dir='ltr'>vel</span> <span class='ocrx_word' id='word_1_47' title='bbox 1184 575 1222 611; x_wconf 90' lang='lat' dir='ltr'>ei</span> <span class='ocrx_word' id='word_1_48' title='bbox 1261 584 1363 610; x_wconf 89' lang='lat' dir='ltr'>ausu</span> <span class='ocrx_word' id='word_1_49' title='bbox 1406 572 1624 610; x_wconf 85' lang='lat' dir='ltr'>temerario</span> <span class='ocrx_word' id='word_1_50' title='bbox 1665 571 1888 609; x_wconf 89' lang='lat' dir='ltr'>contraire.</span> 
     </span>
     <span class='ocr_line' id='line_1_7' title="bbox 55 637 1890 694; baseline -0.004 -11"><span class='ocrx_word' id='word_1_51' title='bbox 55 645 102 687; x_wconf 89' lang='lat' dir='ltr'>Si</span> <span class='ocrx_word' id='word_1_52' title='bbox 135 644 224 694; x_wconf 87' lang='lat' dir='ltr'>quis</span> <span class='ocrx_word' id='word_1_53' title='bbox 255 646 389 681; x_wconf 80' lang='lat' dir='ltr'>autem</span> <span class='ocrx_word' id='word_1_54' title='bbox 422 641 500 679; x_wconf 85' lang='lat' dir='ltr'>hoc</span> <span class='ocrx_word' id='word_1_55' title='bbox 534 646 778 691; x_wconf 79' lang='lat' dir='ltr'>attemptare</span> <span class='ocrx_word' id='word_1_56' title='bbox 808 643 1118 694; x_wconf 64' lang='grc'>111031111111301117</span> <span class='ocrx_word' id='word_1_57' title='bbox 1144 641 1478 694; x_wconf 81' lang='lat' dir='ltr'>indignacionem</span> <span class='ocrx_word' id='word_1_58' title='bbox 1513 639 1796 689; x_wconf 87' lang='lat' dir='ltr'>omnipotentis</span> <span class='ocrx_word' id='word_1_59' title='bbox 1824 637 1890 676; x_wconf 89' lang='lat' dir='ltr'>dei</span> 
     </span>
     <span class='ocr_line' id='line_1_8' title="bbox 56 707 1892 759; baseline -0.004 -8"><span class='ocrx_word' id='word_1_60' title='bbox 56 716 97 752; x_wconf 90' lang='lat' dir='ltr'>et</span> <span class='ocrx_word' id='word_1_61' title='bbox 126 712 335 750; x_wconf 85' lang='lat' dir='ltr'>beatorum</span> <span class='ocrx_word' id='word_1_62' title='bbox 367 710 484 748; x_wconf 89' lang='lat' dir='ltr'>Petri</span> <span class='ocrx_word' id='word_1_63' title='bbox 517 712 557 747; x_wconf 92' lang='lat' dir='ltr'>et</span> <span class='ocrx_word' id='word_1_64' title='bbox 581 709 699 747; x_wconf 89' lang='lat' dir='ltr'>Pauli</span> <span class='ocrx_word' id='word_1_65' title='bbox 732 710 1008 759; x_wconf 86' lang='lat' dir='ltr'>apostolorum</span> <span class='ocrx_word' id='word_1_66' title='bbox 1034 711 1123 748; x_wconf 91' lang='lat' dir='ltr'>eins</span> <span class='ocrx_word' id='word_1_67' title='bbox 1156 720 1203 748; x_wconf 91' lang='lat' dir='ltr'>se</span> <span class='ocrx_word' id='word_1_68' title='bbox 1229 709 1391 747; x_wconf 89' lang='lat' dir='ltr'>nouerit</span> <span class='ocrx_word' id='word_1_69' title='bbox 1422 709 1693 747; x_wconf 87' lang='lat' dir='ltr'>incursurum.</span> <span class='ocrx_word' id='word_1_70' title='bbox 1739 707 1892 746; x_wconf 86' lang='lat' dir='ltr'>Datum</span> 
     </span>
     <span class='ocr_line' id='line_1_9' title="bbox 55 775 1495 826; baseline -0.004 -7"><span class='ocrx_word' id='word_1_71' title='bbox 55 779 252 820; x_wconf 80' lang='lat' dir='ltr'>Laterani</span> <span class='ocrx_word' id='word_1_72' title='bbox 282 777 381 817; x_wconf 89' lang='lat' dir='ltr'>Idus</span> <span class='ocrx_word' id='word_1_73' title='bbox 412 776 643 816; x_wconf 82' lang='lat' dir='ltr'>Februarii.</span> <span class='ocrx_word' id='word_1_74' title='bbox 705 775 974 816; x_wconf 87' lang='lat' dir='ltr'>Pontificatus</span> <span class='ocrx_word' id='word_1_75' title='bbox 1006 778 1138 816; x_wconf 86' lang='lat' dir='ltr'>nostri</span> <span class='ocrx_word' id='word_1_76' title='bbox 1169 788 1277 816; x_wconf 88' lang='lat' dir='ltr'>anno</span> <span class='ocrx_word' id='word_1_77' title='bbox 1311 778 1495 826; x_wconf 89' lang='lat' dir='ltr'>septimo.</span> 
     </span>
    </p>
   </div>
   <div class='ocr_carea' id='block_1_4' title="bbox 360 872 776 906">
    <p class='ocr_par' dir='ltr' id='par_1_4' title="bbox 360 872 776 906">
     <span class='ocr_line' id='line_1_10' title="bbox 360 872 776 906; baseline -0.005 0"><span class='ocrx_word' id='word_1_78' title='bbox 360 874 521 906; x_wconf 87' lang='lat' dir='ltr'>Ibidem</span> <span class='ocrx_word' id='word_1_79' title='bbox 543 892 586 896; x_wconf 96' lang='lat'><strong>—</strong></span> <span class='ocrx_word' id='word_1_80' title='bbox 608 873 662 904; x_wconf 85' lang='lat' dir='ltr'>fol.</span> <span class='ocrx_word' id='word_1_81' title='bbox 687 872 776 904; x_wconf 88' lang='lat'>111.</span> 
     </span>
    </p>
   </div>
   <div class='ocr_carea' id='block_1_5' title="bbox 861 1037 1099 1079">
    <p class='ocr_par' dir='ltr' id='par_1_5' title="bbox 861 1037 1099 1079">
     <span class='ocr_line' id='line_1_11' title="bbox 861 1037 1099 1079; baseline -0.013 0"><span class='ocrx_word' id='word_1_82' title='bbox 861 1037 1099 1079; x_wconf 78' lang='lat' dir='ltr'>CCCXIV.</span> 
     </span>
    </p>
   </div>
   <div class='ocr_carea' id='block_1_6' title="bbox 60 1135 1896 1258">
    <p class='ocr_par' dir='ltr' id='par_1_6' title="bbox 60 1135 1896 1258">
     <span class='ocr_line' id='line_1_12' title="bbox 60 1135 1896 1191; baseline -0.004 -9"><span class='ocrx_word' id='word_1_83' title='bbox 60 1141 174 1182; x_wconf 88' lang='lat' dir='ltr'>Idem</span> <span class='ocrx_word' id='word_1_84' title='bbox 196 1141 446 1181; x_wconf 75' lang='lat' dir='ltr'>monasterio</span> <span class='ocrx_word' id='word_1_85' title='bbox 468 1140 772 1181; x_wconf 57' lang='lat' dir='ltr'>Tighowicensi</span> <span class='ocrx_word' id='word_1_86' title='bbox 789 1140 1007 1191; x_wconf 77' lang='lat' dir='ltr'>confirmat</span> <span class='ocrx_word' id='word_1_87' title='bbox 1016 1140 1094 1191; x_wconf 80' lang='lat' dir='ltr'>jus</span> <span class='ocrx_word' id='word_1_88' title='bbox 1108 1141 1353 1191; x_wconf 71' lang='lat' dir='ltr'>patronatus</span> <span class='ocrx_word' id='word_1_89' title='bbox 1379 1138 1580 1176; x_wconf 73' lang='lat' dir='ltr'>ecclesiae</span> <span class='ocrx_word' id='word_1_90' title='bbox 1601 1149 1634 1175; x_wconf 74' lang='grc'>3.</span> <span class='ocrx_word' id='word_1_91' title='bbox 1661 1135 1896 1175; x_wconf 74' lang='lat' dir='ltr'>H&#39;enceslaz&#39;</span> 
     </span>
     <span class='ocr_line' id='line_1_13' title="bbox 234 1204 1713 1258; baseline -0.003 -10"><span class='ocrx_word' id='word_1_92' title='bbox 234 1210 279 1248; x_wconf 80' lang='lat' dir='ltr'>in</span> <span class='ocrx_word' id='word_1_93' title='bbox 313 1208 560 1248; x_wconf 70' lang='grc' dir='ltr'><strong><em>Τὶὲήοωὶσε.</em></strong></span> <span class='ocrx_word' id='word_1_94' title='bbox 622 1209 694 1247; x_wconf 80' lang='lat' dir='ltr'>Dc.</span> <span class='ocrx_word' id='word_1_95' title='bbox 726 1209 945 1258; x_wconf 75' lang='lat' dir='ltr'>Laterani,</span> <span class='ocrx_word' id='word_1_96' title='bbox 979 1207 1075 1246; x_wconf 70' lang='lat' dir='ltr'>XV.</span> <span class='ocrx_word' id='word_1_97' title='bbox 1110 1206 1330 1246; x_wconf 75' lang='lat' dir='ltr'>Kalendas</span> <span class='ocrx_word' id='word_1_98' title='bbox 1362 1206 1523 1255; x_wconf 70' lang='lat' dir='ltr'>Martii,</span> <span class='ocrx_word' id='word_1_99' title='bbox 1563 1204 1713 1243; x_wconf 74' lang='lat'><strong>1261.</strong></span> 
     </span>
    </p>
   </div>
   <div class='ocr_carea' id='block_1_7' title="bbox 63 1308 1907 2598">
    <p class='ocr_par' dir='ltr' id='par_1_7' title="bbox 63 1308 1907 2598">
     <span class='ocr_line' id='line_1_14' title="bbox 191 1308 1895 1378; baseline -0.004 -12"><span class='ocrx_word' id='word_1_100' title='bbox 191 1308 463 1369; x_wconf 83' lang='lat' dir='ltr'>Alexander</span> <span class='ocrx_word' id='word_1_101' title='bbox 514 1327 735 1378; x_wconf 89' lang='lat' dir='ltr'>episcopus</span> <span class='ocrx_word' id='word_1_102' title='bbox 784 1337 934 1365; x_wconf 92' lang='lat' dir='ltr'>seruus</span> <span class='ocrx_word' id='word_1_103' title='bbox 981 1336 1194 1363; x_wconf 89' lang='lat' dir='ltr'>seruorum</span> <span class='ocrx_word' id='word_1_104' title='bbox 1244 1324 1323 1362; x_wconf 89' lang='lat' dir='ltr'>dei.</span> <span class='ocrx_word' id='word_1_105' title='bbox 1407 1323 1582 1362; x_wconf 85' lang='lat' dir='ltr'>Dilectis</span> <span class='ocrx_word' id='word_1_106' title='bbox 1640 1323 1679 1361; x_wconf 91' lang='lat' dir='ltr'>in</span> <span class='ocrx_word' id='word_1_107' title='bbox 1729 1320 1895 1362; x_wconf 80' lang='lat' dir='ltr'>Clu-isto</span> 
     </span>
     <span class='ocr_line' id='line_1_15' title="bbox 63 1390 1897 1443; baseline -0.004 -9"><span class='ocrx_word' id='word_1_108' title='bbox 63 1393 219 1434; x_wconf 85' lang='lat' dir='ltr'>filiabus</span> <span class='ocrx_word' id='word_1_109' title='bbox 243 1396 471 1434; x_wconf 88' lang='lat' dir='ltr'>Abbatisse</span> <span class='ocrx_word' id='word_1_110' title='bbox 505 1399 547 1434; x_wconf 89' lang='lat' dir='ltr'>et</span> <span class='ocrx_word' id='word_1_111' title='bbox 579 1395 799 1433; x_wconf 89' lang='lat' dir='ltr'>conuentui</span> <span class='ocrx_word' id='word_1_112' title='bbox 834 1395 1068 1432; x_wconf 87' lang='lat' dir='ltr'>monasterii</span> <span class='ocrx_word' id='word_1_113' title='bbox 1103 1393 1153 1431; x_wconf 87' lang='lat' dir='ltr'>de</span> <span class='ocrx_word' id='word_1_114' title='bbox 1181 1392 1390 1443; x_wconf 77' lang='lat' dir='ltr'>Celiporla</span> <span class='ocrx_word' id='word_1_115' title='bbox 1419 1390 1715 1430; x_wconf 84' lang='lat' dir='ltr'>Cisterciensis</span> <span class='ocrx_word' id='word_1_116' title='bbox 1742 1390 1897 1427; x_wconf 84' lang='lat' dir='ltr'>ordinis</span> 
     </span>
     <span class='ocr_line' id='line_1_16' title="bbox 65 1458 1897 1511; baseline -0.004 -9"><span class='ocrx_word' id='word_1_117' title='bbox 65 1463 345 1504; x_wconf 81' lang='lat' dir='ltr'>olomucensis</span> <span class='ocrx_word' id='word_1_118' title='bbox 393 1463 574 1502; x_wconf 87' lang='lat' dir='ltr'>diocesis</span> <span class='ocrx_word' id='word_1_119' title='bbox 620 1463 791 1501; x_wconf 91' lang='lat' dir='ltr'>salutem</span> <span class='ocrx_word' id='word_1_120' title='bbox 842 1466 884 1500; x_wconf 88' lang='lat' dir='ltr'>et</span> <span class='ocrx_word' id='word_1_121' title='bbox 932 1461 1197 1511; x_wconf 86' lang='lat' dir='ltr'>apostolicam</span> <span class='ocrx_word' id='word_1_122' title='bbox 1247 1459 1586 1497; x_wconf 86' lang='lat' dir='ltr'>benedictionem.</span> <span class='ocrx_word' id='word_1_123' title='bbox 1651 1458 1897 1496; x_wconf 87' lang='lat' dir='ltr'>Deuotionis</span> 
     </span>
     <span class='ocr_line' id='line_1_17' title="bbox 64 1525 1898 1585; baseline -0.004 -15"><span class='ocrx_word' id='word_1_124' title='bbox 64 1535 325 1585; x_wconf 79' lang='lat' dir='ltr'>augmentum</span> <span class='ocrx_word' id='word_1_125' title='bbox 356 1531 476 1569; x_wconf 87' lang='lat' dir='ltr'>uobis</span> <span class='ocrx_word' id='word_1_126' title='bbox 503 1531 580 1569; x_wconf 90' lang='lat' dir='ltr'>deo</span> <span class='ocrx_word' id='word_1_127' title='bbox 615 1531 788 1580; x_wconf 89' lang='lat' dir='ltr'>propitio</span> <span class='ocrx_word' id='word_1_128' title='bbox 823 1530 1043 1579; x_wconf 73' lang='lat' dir='ltr'>prouenit-e</span> <span class='ocrx_word' id='word_1_129' title='bbox 1069 1526 1303 1565; x_wconf 83' lang='lat' dir='ltr'>confidimus</span> <span class='ocrx_word' id='word_1_130' title='bbox 1329 1527 1362 1564; x_wconf 89' lang='lat' dir='ltr'>si</span> <span class='ocrx_word' id='word_1_131' title='bbox 1395 1537 1521 1575; x_wconf 89' lang='lat' dir='ltr'>super</span> <span class='ocrx_word' id='word_1_132' title='bbox 1554 1526 1632 1563; x_wconf 88' lang='grc'>11113</span> <span class='ocrx_word' id='word_1_133' title='bbox 1661 1536 1739 1575; x_wconf 89' lang='grc'>(1110</span> <span class='ocrx_word' id='word_1_134' title='bbox 1767 1525 1898 1576; x_wconf 86' lang='lat' dir='ltr'>digne</span> 
     </span>
     <span class='ocr_line' id='line_1_18' title="bbox 65 1592 1898 1649; baseline -0.005 -11"><span class='ocrx_word' id='word_1_135' title='bbox 65 1600 211 1649; x_wconf 87' lang='lat' dir='ltr'>cupitis</span> <span class='ocrx_word' id='word_1_136' title='bbox 242 1610 319 1638; x_wconf 92' lang='lat' dir='ltr'>nos</span> <span class='ocrx_word' id='word_1_137' title='bbox 350 1599 469 1637; x_wconf 89' lang='lat' dir='ltr'>uobis</span> <span class='ocrx_word' id='word_1_138' title='bbox 502 1599 716 1637; x_wconf 88' lang='lat' dir='ltr'>inuenisse</span> <span class='ocrx_word' id='word_1_139' title='bbox 750 1597 964 1635; x_wconf 84' lang='lat' dir='ltr'>beniuolos</span> <span class='ocrx_word' id='word_1_140' title='bbox 997 1596 1236 1649; x_wconf 84' lang='lat' dir='ltr'>gaudeatis.</span> <span class='ocrx_word' id='word_1_141' title='bbox 1282 1594 1397 1633; x_wconf 84' lang='lat' dir='ltr'>Sane</span> <span class='ocrx_word' id='word_1_142' title='bbox 1433 1594 1570 1643; x_wconf 89' lang='lat' dir='ltr'>petitio</span> <span class='ocrx_word' id='word_1_143' title='bbox 1604 1598 1745 1631; x_wconf 87' lang='lat' dir='ltr'>uestra</span> <span class='ocrx_word' id='word_1_144' title='bbox 1779 1592 1898 1630; x_wconf 90' lang='lat' dir='ltr'>nobis</span> 
     </span>
     <span class='ocr_line' id='line_1_19' title="bbox 68 1660 1898 1717; baseline -0.004 -12"><span class='ocrx_word' id='word_1_145' title='bbox 68 1667 250 1706; x_wconf 82' lang='lat' dir='ltr'>exhibita</span> <span class='ocrx_word' id='word_1_146' title='bbox 282 1666 521 1705; x_wconf 88' lang='lat' dir='ltr'>continebat</span> <span class='ocrx_word' id='word_1_147' title='bbox 553 1666 659 1717; x_wconf 89' lang='lat' dir='ltr'>quod</span> <span class='ocrx_word' id='word_1_148' title='bbox 693 1677 782 1704; x_wconf 87' lang='lat' dir='ltr'>cum</span> <span class='ocrx_word' id='word_1_149' title='bbox 815 1666 929 1703; x_wconf 84' lang='lat' dir='ltr'>clare</span> <span class='ocrx_word' id='word_1_150' title='bbox 963 1664 1152 1702; x_wconf 84' lang='lat' dir='ltr'>memorie</span> <span class='ocrx_word' id='word_1_151' title='bbox 1179 1662 1420 1702; x_wconf 69' lang='lat' dir='ltr'>Constantia</span> <span class='ocrx_word' id='word_1_152' title='bbox 1453 1662 1606 1713; x_wconf 83' lang='lat' dir='ltr'>regina</span> <span class='ocrx_word' id='word_1_153' title='bbox 1640 1661 1806 1698; x_wconf 87' lang='lat' dir='ltr'>Boemie</span> <span class='ocrx_word' id='word_1_154' title='bbox 1835 1660 1898 1697; x_wconf 87' lang='lat' dir='ltr'>ius</span> 
     </span>
     <span class='ocr_line' id='line_1_20' title="bbox 65 1726 1899 1785; baseline -0.006 -11"><span class='ocrx_word' id='word_1_155' title='bbox 65 1738 303 1785; x_wconf 83' lang='lat' dir='ltr'>patronatus</span> <span class='ocrx_word' id='word_1_156' title='bbox 337 1733 442 1785; x_wconf 87' lang='lat' dir='ltr'>quod</span> <span class='ocrx_word' id='word_1_157' title='bbox 483 1734 523 1772; x_wconf 88' lang='lat' dir='ltr'>in</span> <span class='ocrx_word' id='word_1_158' title='bbox 564 1734 741 1772; x_wconf 78' lang='lat' dir='ltr'>ecclesia</span> <span class='ocrx_word' id='word_1_159' title='bbox 782 1733 915 1771; x_wconf 70' lang='lat' dir='ltr'>sancti</span> <span class='ocrx_word' id='word_1_160' title='bbox 955 1730 1200 1771; x_wconf 70' lang='lat' dir='ltr'>I&#39;uenceslai</span> <span class='ocrx_word' id='word_1_161' title='bbox 1232 1728 1282 1767; x_wconf 80' lang='lat' dir='ltr'>de</span> <span class='ocrx_word' id='word_1_162' title='bbox 1317 1728 1570 1767; x_wconf 74' lang='lat' dir='ltr'>Tlmsnawiz</span> <span class='ocrx_word' id='word_1_163' title='bbox 1613 1726 1899 1766; x_wconf 77' lang='lat' dir='ltr'>olomucensis</span> 
     </span>
     <span class='ocr_line' id='line_1_21' title="bbox 68 1795 1899 1854; baseline -0.006 -13"><span class='ocrx_word' id='word_1_164' title='bbox 68 1801 245 1841; x_wconf 88' lang='lat' dir='ltr'>diocesis</span> <span class='ocrx_word' id='word_1_165' title='bbox 278 1802 489 1840; x_wconf 81' lang='lat' dir='ltr'>obtinebat</span> <span class='ocrx_word' id='word_1_166' title='bbox 520 1802 639 1840; x_wconf 91' lang='lat' dir='ltr'>uobis</span> <span class='ocrx_word' id='word_1_167' title='bbox 679 1802 803 1854; x_wconf 84' lang='lat' dir='ltr'>regia</span> <span class='ocrx_word' id='word_1_168' title='bbox 838 1799 1085 1838; x_wconf 84' lang='lat' dir='ltr'>liberalitate</span> <span class='ocrx_word' id='word_1_169' title='bbox 1125 1798 1324 1836; x_wconf 86' lang='lat' dir='ltr'>donasset</span> <span class='ocrx_word' id='word_1_170' title='bbox 1357 1797 1498 1833; x_wconf 80' lang='lat' dir='ltr'>intuitu</span> <span class='ocrx_word' id='word_1_171' title='bbox 1531 1797 1693 1844; x_wconf 87' lang='lat' dir='ltr'>pietatis</span> <span class='ocrx_word' id='word_1_172' title='bbox 1735 1795 1899 1832; x_wconf 85' lang='lat' dir='ltr'>tandem</span> 
     </span>
     <span class='ocr_line' id='line_1_22' title="bbox 67 1863 1900 1916; baseline -0.005 -8"><span class='ocrx_word' id='word_1_173' title='bbox 67 1869 173 1908; x_wconf 87' lang='lat' dir='ltr'>bone</span> <span class='ocrx_word' id='word_1_174' title='bbox 204 1870 394 1908; x_wconf 87' lang='lat' dir='ltr'>memorie</span> <span class='ocrx_word' id='word_1_175' title='bbox 427 1869 638 1908; x_wconf 87' lang='lat' dir='ltr'>Robertus</span> <span class='ocrx_word' id='word_1_176' title='bbox 672 1868 959 1908; x_wconf 75' lang='lat' dir='ltr'>olomucensis</span> <span class='ocrx_word' id='word_1_177' title='bbox 993 1868 1215 1916; x_wconf 84' lang='lat' dir='ltr'>episcopus</span> <span class='ocrx_word' id='word_1_178' title='bbox 1256 1863 1481 1902; x_wconf 84' lang='lat' dir='ltr'>huiusmodi</span> <span class='ocrx_word' id='word_1_179' title='bbox 1524 1863 1783 1900; x_wconf 86' lang='lat' dir='ltr'>donationem</span> <span class='ocrx_word' id='word_1_180' title='bbox 1822 1873 1900 1911; x_wconf 90' lang='lat' dir='ltr'>ap-</span> 
     </span>
     <span class='ocr_line' id='line_1_23' title="bbox 71 1931 1902 1990; baseline -0.005 -14"><span class='ocrx_word' id='word_1_181' title='bbox 71 1937 249 1987; x_wconf 87' lang='lat' dir='ltr'>probans</span> <span class='ocrx_word' id='word_1_182' title='bbox 282 1937 471 1990; x_wconf 84' lang='lat' dir='ltr'>diligenti</span> <span class='ocrx_word' id='word_1_183' title='bbox 512 1937 810 1975; x_wconf 87' lang='lat' dir='ltr'>deliberatione</span> <span class='ocrx_word' id='word_1_184' title='bbox 852 1935 1066 1985; x_wconf 88' lang='lat' dir='ltr'>prehabita</span> <span class='ocrx_word' id='word_1_185' title='bbox 1107 1933 1226 1971; x_wconf 87' lang='lat' dir='ltr'>uobis</span> <span class='ocrx_word' id='word_1_186' title='bbox 1266 1932 1472 1970; x_wconf 88' lang='lat' dir='ltr'>ordinaria</span> <span class='ocrx_word' id='word_1_187' title='bbox 1512 1931 1758 1969; x_wconf 88' lang='lat' dir='ltr'>auctoritate</span> <span class='ocrx_word' id='word_1_188' title='bbox 1798 1940 1902 1966; x_wconf 89' lang='lat' dir='ltr'>con-</span> 
     </span>
     <span class='ocr_line' id='line_1_24' title="bbox 72 1998 1903 2054; baseline -0.005 -11"><span class='ocrx_word' id='word_1_189' title='bbox 72 2005 198 2044; x_wconf 88' lang='lat' dir='ltr'>cessit</span> <span class='ocrx_word' id='word_1_190' title='bbox 227 2009 270 2044; x_wconf 91' lang='lat' dir='ltr'>ut</span> <span class='ocrx_word' id='word_1_191' title='bbox 302 2004 450 2044; x_wconf 86' lang='lat' dir='ltr'>dictam</span> <span class='ocrx_word' id='word_1_192' title='bbox 483 2004 704 2043; x_wconf 86' lang='lat' dir='ltr'>ecclesiam</span> <span class='ocrx_word' id='word_1_193' title='bbox 738 2004 777 2042; x_wconf 93' lang='lat' dir='ltr'>in</span> <span class='ocrx_word' id='word_1_194' title='bbox 810 2014 888 2054; x_wconf 89' lang='lat' dir='ltr'>qna</span> <span class='ocrx_word' id='word_1_195' title='bbox 924 2001 1099 2040; x_wconf 87' lang='lat' dir='ltr'>rectoris</span> <span class='ocrx_word' id='word_1_196' title='bbox 1133 2001 1328 2039; x_wconf 87' lang='lat' dir='ltr'>institutio</span> <span class='ocrx_word' id='word_1_197' title='bbox 1361 1998 1578 2049; x_wconf 84' lang='lat' dir='ltr'>spectabat</span> <span class='ocrx_word' id='word_1_198' title='bbox 1610 1998 1662 2035; x_wconf 90' lang='lat' dir='ltr'>ad</span> <span class='ocrx_word' id='word_1_199' title='bbox 1691 2008 1780 2035; x_wconf 90' lang='lat' dir='ltr'>eum</span> <span class='ocrx_word' id='word_1_200' title='bbox 1813 2007 1903 2034; x_wconf 89' lang='lat' dir='ltr'>cum</span> 
     </span>
     <span class='ocr_line' id='line_1_25' title="bbox 68 2065 1902 2123; baseline -0.005 -12"><span class='ocrx_word' id='word_1_201' title='bbox 68 2071 221 2111; x_wconf 88' lang='lat' dir='ltr'>iuribus</span> <span class='ocrx_word' id='word_1_202' title='bbox 253 2076 294 2111; x_wconf 89' lang='lat' dir='ltr'>et</span> <span class='ocrx_word' id='word_1_203' title='bbox 325 2073 583 2123; x_wconf 88' lang='lat' dir='ltr'>pertinentiis</span> <span class='ocrx_word' id='word_1_204' title='bbox 615 2073 702 2111; x_wconf 90' lang='lat' dir='ltr'>suis</span> <span class='ocrx_word' id='word_1_205' title='bbox 736 2071 913 2110; x_wconf 89' lang='lat' dir='ltr'>cedente</span> <span class='ocrx_word' id='word_1_206' title='bbox 945 2070 1013 2108; x_wconf 91' lang='lat' dir='ltr'>uel</span> <span class='ocrx_word' id='word_1_207' title='bbox 1045 2068 1277 2107; x_wconf 86' lang='lat' dir='ltr'>decedente</span> <span class='ocrx_word' id='word_1_208' title='bbox 1311 2067 1416 2104; x_wconf 91' lang='lat' dir='ltr'>illius</span> <span class='ocrx_word' id='word_1_209' title='bbox 1449 2070 1615 2104; x_wconf 90' lang='lat' dir='ltr'>rectore</span> <span class='ocrx_word' id='word_1_210' title='bbox 1654 2065 1693 2103; x_wconf 94' lang='lat' dir='ltr'>in</span> <span class='ocrx_word' id='word_1_211' title='bbox 1736 2068 1902 2102; x_wconf 88' lang='lat' dir='ltr'>uestros</span> 
     </span>
     <span class='ocr_line' id='line_1_26' title="bbox 69 2132 1903 2191; baseline -0.005 -13"><span class='ocrx_word' id='word_1_212' title='bbox 69 2150 168 2178; x_wconf 89' lang='lat' dir='ltr'>usus</span> <span class='ocrx_word' id='word_1_213' title='bbox 216 2142 402 2190; x_wconf 89' lang='lat' dir='ltr'>proprios</span> <span class='ocrx_word' id='word_1_214' title='bbox 452 2142 634 2179; x_wconf 88' lang='lat' dir='ltr'>retinere</span> <span class='ocrx_word' id='word_1_215' title='bbox 682 2140 848 2191; x_wconf 76' lang='lat' dir='ltr'>possitis</span> <span class='ocrx_word' id='word_1_216' title='bbox 897 2138 1091 2187; x_wconf 82' lang='lat' dir='ltr'>deputata</span> <span class='ocrx_word' id='word_1_217' title='bbox 1139 2136 1190 2174; x_wconf 90' lang='lat' dir='ltr'>de</span> <span class='ocrx_word' id='word_1_218' title='bbox 1238 2134 1504 2185; x_wconf 89' lang='lat' dir='ltr'>prouentibus</span> <span class='ocrx_word' id='word_1_219' title='bbox 1544 2134 1673 2182; x_wconf 84' lang='lat' dir='ltr'>ipsius</span> <span class='ocrx_word' id='word_1_220' title='bbox 1721 2132 1903 2170; x_wconf 86' lang='lat' dir='ltr'>ecclesie</span> 
     </span>
     <span class='ocr_line' id='line_1_27' title="bbox 71 2200 1903 2258; baseline -0.004 -13"><span class='ocrx_word' id='word_1_221' title='bbox 71 2207 224 2246; x_wconf 88' lang='lat' dir='ltr'>uicario</span> <span class='ocrx_word' id='word_1_222' title='bbox 258 2209 503 2258; x_wconf 75' lang='lat' dir='ltr'>presbytero</span> <span class='ocrx_word' id='word_1_223' title='bbox 536 2208 683 2248; x_wconf 89' lang='lat' dir='ltr'>ibidem</span> <span class='ocrx_word' id='word_1_224' title='bbox 718 2211 914 2257; x_wconf 91' lang='lat' dir='ltr'>perpetuo</span> <span class='ocrx_word' id='word_1_225' title='bbox 948 2206 1154 2243; x_wconf 88' lang='lat' dir='ltr'>seruituro</span> <span class='ocrx_word' id='word_1_226' title='bbox 1189 2215 1260 2253; x_wconf 91' lang='lat' dir='ltr'>pro</span> <span class='ocrx_word' id='word_1_227' title='bbox 1294 2202 1595 2240; x_wconf 86' lang='lat' dir='ltr'>sustentatione</span> <span class='ocrx_word' id='word_1_228' title='bbox 1628 2213 1703 2240; x_wconf 85' lang='lat' dir='ltr'>sua</span> <span class='ocrx_word' id='word_1_229' title='bbox 1738 2204 1779 2238; x_wconf 90' lang='lat' dir='ltr'>et</span> <span class='ocrx_word' id='word_1_230' title='bbox 1811 2200 1903 2249; x_wconf 87' lang='lat' dir='ltr'>epi-</span> 
     </span>
     <span class='ocr_line' id='line_1_28' title="bbox 71 2267 1905 2326; baseline -0.005 -13"><span class='ocrx_word' id='word_1_231' title='bbox 71 2276 302 2324; x_wconf 88' lang='lat' dir='ltr'>scopalibus</span> <span class='ocrx_word' id='word_1_232' title='bbox 347 2276 502 2315; x_wconf 89' lang='lat' dir='ltr'>iuribus</span> <span class='ocrx_word' id='word_1_233' title='bbox 553 2275 841 2326; x_wconf 90' lang='lat' dir='ltr'>persoluendis</span> <span class='ocrx_word' id='word_1_234' title='bbox 883 2284 932 2311; x_wconf 87' lang='lat' dir='ltr'>ac</span> <span class='ocrx_word' id='word_1_235' title='bbox 975 2271 1266 2322; x_wconf 82' lang='lat' dir='ltr'>supportandis</span> <span class='ocrx_word' id='word_1_236' title='bbox 1315 2271 1403 2308; x_wconf 87' lang='lat' dir='ltr'>eius</span> <span class='ocrx_word' id='word_1_237' title='bbox 1450 2270 1662 2308; x_wconf 87' lang='lat' dir='ltr'>consuetis</span> <span class='ocrx_word' id='word_1_238' title='bbox 1709 2267 1905 2306; x_wconf 89' lang='lat' dir='ltr'>oneribus</span> 
     </span>
     <span class='ocr_line' id='line_1_29' title="bbox 72 2334 1905 2395; baseline -0.005 -15"><span class='ocrx_word' id='word_1_239' title='bbox 72 2353 260 2395; x_wconf 84' lang='lat' dir='ltr'>congrua</span> <span class='ocrx_word' id='word_1_240' title='bbox 301 2345 488 2394; x_wconf 89' lang='lat' dir='ltr'>portione</span> <span class='ocrx_word' id='word_1_241' title='bbox 531 2347 649 2394; x_wconf 87' lang='lat' dir='ltr'>prout</span> <span class='ocrx_word' id='word_1_242' title='bbox 689 2344 730 2381; x_wconf 92' lang='lat' dir='ltr'>in</span> <span class='ocrx_word' id='word_1_243' title='bbox 769 2340 1004 2391; x_wconf 88' lang='lat' dir='ltr'>patentibus</span> <span class='ocrx_word' id='word_1_244' title='bbox 1046 2339 1193 2377; x_wconf 87' lang='lat' dir='ltr'>litteris</span> <span class='ocrx_word' id='word_1_245' title='bbox 1235 2336 1434 2376; x_wconf 87' lang='lat' dir='ltr'>consectis</span> <span class='ocrx_word' id='word_1_246' title='bbox 1476 2336 1628 2375; x_wconf 84' lang='lat' dir='ltr'>exinde</span> <span class='ocrx_word' id='word_1_247' title='bbox 1670 2347 1719 2374; x_wconf 92' lang='lat' dir='ltr'>ac</span> <span class='ocrx_word' id='word_1_248' title='bbox 1763 2334 1905 2387; x_wconf 86' lang='lat' dir='ltr'>sigillo</span> 
     </span>
     <span class='ocr_line' id='line_1_30' title="bbox 73 2403 1906 2463; baseline -0.004 -16"><span class='ocrx_word' id='word_1_249' title='bbox 73 2409 253 2460; x_wconf 87' lang='lat' dir='ltr'>episcopi</span> <span class='ocrx_word' id='word_1_250' title='bbox 293 2412 500 2450; x_wconf 87' lang='lat' dir='ltr'>memorati</span> <span class='ocrx_word' id='word_1_251' title='bbox 540 2411 722 2463; x_wconf 87' lang='lat' dir='ltr'>signatis</span> <span class='ocrx_word' id='word_1_252' title='bbox 764 2410 924 2459; x_wconf 91' lang='lat' dir='ltr'>plenius</span> <span class='ocrx_word' id='word_1_253' title='bbox 972 2408 1119 2446; x_wconf 88' lang='lat' dir='ltr'>dicitur</span> <span class='ocrx_word' id='word_1_254' title='bbox 1165 2406 1379 2444; x_wconf 89' lang='lat' dir='ltr'>contineri.</span> <span class='ocrx_word' id='word_1_255' title='bbox 1441 2405 1531 2443; x_wconf 90' lang='lat' dir='ltr'>Nos</span> <span class='ocrx_word' id='word_1_256' title='bbox 1572 2406 1711 2454; x_wconf 84' lang='lat' dir='ltr'>itaque</span> <span class='ocrx_word' id='word_1_257' title='bbox 1753 2403 1906 2442; x_wconf 86' lang='lat' dir='ltr'>uestris</span> 
     </span>
     <span class='ocr_line' id='line_1_31' title="bbox 73 2471 1907 2528; baseline -0.003 -14"><span class='ocrx_word' id='word_1_258' title='bbox 73 2477 434 2527; x_wconf 87' lang='lat' dir='ltr'>supplicationibus</span> <span class='ocrx_word' id='word_1_259' title='bbox 468 2479 647 2517; x_wconf 84' lang='lat' dir='ltr'>inclinati</span> <span class='ocrx_word' id='word_1_260' title='bbox 673 2477 779 2528; x_wconf 86' lang='lat' dir='ltr'>quod</span> <span class='ocrx_word' id='word_1_261' title='bbox 813 2476 865 2515; x_wconf 87' lang='lat' dir='ltr'>ab</span> <span class='ocrx_word' id='word_1_262' title='bbox 899 2475 1054 2514; x_wconf 85' lang='lat' dir='ltr'>eisdem</span> <span class='ocrx_word' id='word_1_263' title='bbox 1079 2475 1231 2527; x_wconf 87' lang='lat' dir='ltr'>regina</span> <span class='ocrx_word' id='word_1_264' title='bbox 1258 2477 1298 2512; x_wconf 90' lang='lat' dir='ltr'>et</span> <span class='ocrx_word' id='word_1_265' title='bbox 1323 2474 1519 2524; x_wconf 89' lang='lat' dir='ltr'>episcopo</span> <span class='ocrx_word' id='word_1_266' title='bbox 1543 2483 1670 2522; x_wconf 91' lang='lat' dir='ltr'>super</span> <span class='ocrx_word' id='word_1_267' title='bbox 1693 2471 1907 2522; x_wconf 88' lang='lat' dir='ltr'>premissis</span> 
     </span>
     <span class='ocr_line' id='line_1_32' title="bbox 74 2537 1907 2598; baseline -0.003 -15"><span class='ocrx_word' id='word_1_268' title='bbox 74 2544 141 2595; x_wconf 89' lang='lat' dir='ltr'>pie</span> <span class='ocrx_word' id='word_1_269' title='bbox 172 2556 223 2584; x_wconf 85' lang='lat' dir='ltr'>ac</span> <span class='ocrx_word' id='word_1_270' title='bbox 253 2547 424 2598; x_wconf 86' lang='lat' dir='ltr'>prouide</span> <span class='ocrx_word' id='word_1_271' title='bbox 455 2545 607 2587; x_wconf 86' lang='lat' dir='ltr'>factum</span> <span class='ocrx_word' id='word_1_272' title='bbox 638 2549 704 2586; x_wconf 89' lang='lat' dir='ltr'>est</span> <span class='ocrx_word' id='word_1_273' title='bbox 735 2549 864 2584; x_wconf 90' lang='lat' dir='ltr'>ratum</span> <span class='ocrx_word' id='word_1_274' title='bbox 896 2548 938 2584; x_wconf 91' lang='lat' dir='ltr'>et</span> <span class='ocrx_word' id='word_1_275' title='bbox 968 2541 1119 2582; x_wconf 88' lang='lat' dir='ltr'>firmum</span> <span class='ocrx_word' id='word_1_276' title='bbox 1151 2542 1356 2581; x_wconf 86' lang='lat' dir='ltr'>habentes</span> <span class='ocrx_word' id='word_1_277' title='bbox 1388 2541 1428 2580; x_wconf 91' lang='lat' dir='ltr'>id</span> <span class='ocrx_word' id='word_1_278' title='bbox 1460 2553 1543 2580; x_wconf 93' lang='lat' dir='ltr'>non</span> <span class='ocrx_word' id='word_1_279' title='bbox 1575 2541 1767 2580; x_wconf 89' lang='lat' dir='ltr'>obstante</span> <span class='ocrx_word' id='word_1_280' title='bbox 1800 2537 1907 2591; x_wconf 84' lang='lat' dir='ltr'>quod</span> 
     </span>
    </p>
   </div>
  </div>
 </body>
</html>
