2155 2928
935 149 1036 190 327

69 289 377 332 mercennarios
409 292 575 327 uestros
609 301 681 339 pro
709 300 758 327 eo
793 289 899 340 quod
933 290 1114 328 decimas
1146 289 1252 328 sicut
1284 288 1429 327 dictum
1458 292 1522 327 est
1555 300 1633 327 non
1666 291 1900 339 persoluitis

69 359 158 399 sine
191 357 325 407 aliqua
361 357 584 394 occasione
625 368 763 395 eorum
804 368 883 408 que
924 358 976 396 ab
1016 357 1245 407 apostolica
1285 356 1548 408 benignitate
1587 357 1706 395 uobis
1747 358 1900 396 indulta

70 428 163 466 sunt
193 436 267 462 seu
301 422 597 462 benefactores
629 428 796 462 uestros
840 436 912 474 pro
946 436 996 463 eo
1030 424 1136 475 quod
1170 425 1307 475 aliqua
1340 424 1458 462 uobis
1490 422 1692 462 beneficia
1726 425 1792 462 uel
1825 426 1902 462 ob-

68 494 211 544 sequia
245 503 300 529 ex
333 492 509 529 caritate
543 492 798 540 prestiterint
829 493 896 530 uel
928 492 978 531 ad
1012 492 1280 531 laborandum
1313 492 1546 530 adluuerint
1577 492 1617 529 in
1651 492 1727 530 illis
1757 492 1902 530 diebus

64 560 105 599 in
152 559 297 611 quibus
344 569 420 596 uos
464 557 662 596 laboratis
711 564 753 598 et
800 559 866 597 alii
910 558 1111 598 feriantur
1158 559 1329 598 eandem
1372 560 1618 598 sententiam
1659 559 1902 609 protulerint

46 628 189 684 *ipsam
221 631 411 677 tanquam
437 631 580 664 conti-a
620 627 848 675 apostolice
881 627 995 665 sedis
1025 627 1177 665 indulta
1210 627 1407 676 prolatam
1441 626 1700 665 decernimus
1733 627 1903 664 irritan-

70 695 172 735 dum.
234 694 324 733 Nec
358 694 492 732 littere
525 693 592 731 ille
625 691 846 732 firmitatem
888 694 1071 733 habeant
1108 706 1211 745 quas
1249 695 1375 732 tacito
1415 695 1574 733 nomine
1607 692 1903 734 cisterciensis

71 763 224 802 ordinis
267 766 307 800 et
347 764 491 799 contra
526 761 678 799 indulta
712 762 1027 811 apostolicorum
1061 762 1371 815 priuilegiorum
1413 763 1643 801 constiterit
1682 762 1904 812 impetrari.

67 830 268 870 preterea
300 840 389 867 cum
422 840 593 867 comune
627 829 884 867 interdictum
922 834 1035 868 terre
1075 828 1196 868 fuerit
1230 830 1352 868 liceat
1390 829 1509 867 uobis
1544 830 1827 868 nichilominus
1863 830 1903 868 in

70 902 209 937 uestro
242 897 492 936 monasterio
526 898 888 935 excommunicatis
921 897 1149 935 interdictis
1183 897 1320 935 diuina
1353 896 1484 935 officia
1518 897 1748 936 celebrare.
1803 897 1904 935 Paci

72 976 231 1017 quoque
273 968 314 1003 et
345 964 626 1014 tranquillitati
662 970 802 1002 uestre
838 968 1012 1014 paterna
1052 965 1091 1002 in
1135 969 1339 1014 posterum
1379 964 1652 1003 sollicitudine
1686 965 1906 1014 prouidere

71 1034 258 1073 uolentes
291 1032 538 1071 auctoritate
571 1033 799 1082 apostolica
835 1032 1096 1082 prohibemus
1134 1036 1178 1070 ut
1217 1030 1322 1070 infra
1361 1032 1578 1071 clausuras
1617 1032 1798 1070 locorum
1830 1043 1906 1070 seu

74 1101 351 1155 grangiarum
384 1104 615 1138 uestrarum
656 1099 789 1138 nullus
822 1100 1006 1149 rapinam
1039 1111 1114 1138 seu
1147 1097 1291 1138 furtum
1332 1098 1473 1138 facere
1513 1100 1652 1152 ignem
1694 1110 1906 1149 apponere

72 1169 316 1222 sanguinem
349 1166 537 1218 sundere,
570 1167 769 1206 hominem
803 1171 959 1206 temere
993 1178 1146 1218 capere
1175 1167 1242 1205 uel
1275 1166 1524 1219 interficere,
1567 1178 1641 1205 seu
1672 1167 1906 1205 uiolentiam

73 1236 223 1276 audeat
255 1246 474 1274 exercere.
537 1235 741 1274 Preterea
776 1247 915 1274 omnes
949 1236 1163 1273 libertates
1197 1239 1238 1273 et
1271 1236 1538 1273 immunitates
1571 1247 1593 1273 a
1624 1234 1906 1285 predecesso-

73 1304 186 1342 ribus
224 1305 378 1342 nostris
420 1304 618 1342 Romanis
658 1302 915 1353 pontificibus
956 1303 1086 1341 ordini
1126 1307 1266 1341 uestro
1306 1313 1534 1340 concessas
1577 1313 1736 1340 necnon
1778 1302 1908 1339 liber-

73 1374 181 1411 tates
222 1379 264 1410 et
302 1372 590 1421 exemptiones
631 1372 878 1409 secularium
913 1372 1170 1409 exactionum
1205 1383 1227 1408 a
1269 1370 1443 1422 regibus
1484 1374 1524 1408 et
1556 1369 1810 1420 principibus
1843 1368 1911 1407 uel

75 1440 165 1478 aliis
186 1437 342 1479 Christi
375 1437 565 1478 fidelibus
598 1439 897 1478 rationabiliter
929 1439 1047 1477 uobis
1080 1438 1256 1477 indultas
1281 1438 1524 1476 auctoritate
1551 1437 1778 1487 apostolica
1806 1447 1909 1474 con-

74 1505 271 1546 firmamus
310 1510 352 1546 et
394 1508 603 1558 presentis
643 1508 787 1557 scripti
827 1507 1049 1559 priuilegio
1083 1506 1343 1545 comunimus.
1406 1505 1679 1543 Decernimus
1719 1515 1828 1557 ergo
1867 1506 1911 1543 ut

74 1575 169 1614 nulli
201 1576 360 1614 omnino
400 1575 600 1613 bominum
640 1575 764 1614 liceat
804 1573 1002 1625 prefatum
1040 1574 1328 1613 monasterium
1366 1576 1522 1611 temere
1564 1572 1809 1622 perturbare
1842 1575 1912 1610 aut

75 1643 164 1682 eius
212 1643 508 1693 possessiones
555 1641 723 1681 auferre
770 1643 835 1681 uel
883 1642 1044 1681 ablatas
1090 1642 1272 1680 retinere
1318 1641 1501 1679 minuere
1546 1651 1622 1678 seu
1663 1639 1912 1690 quibuslibet

56 1710 364 1750 ‘uexationibus
396 1708 581 1764 fatigare
621 1714 686 1749 set
728 1711 859 1749 omnia
902 1711 1071 1763 integra
1111 1712 1413 1747 conseruentur
1452 1718 1589 1746 eorum
1630 1718 1703 1757 pro
1743 1718 1910 1757 quorum

75 1778 382 1831 gubernatione
422 1790 473 1817 ac
515 1779 819 1817 sustentatione
859 1788 1064 1816 concessa
1103 1780 1198 1815 sunt
1236 1776 1378 1814 usibus
1418 1775 1652 1813 omnimodis
1685 1773 1910 1824 profutura.

75 1844 202 1887 Salua
242 1846 356 1884 sedis
396 1847 626 1896 apostolice
666 1847 924 1885 auctoritate.
996 1845 1125 1895 Siqua
1165 1844 1295 1896 igitur
1334 1844 1374 1881 in
1416 1841 1588 1881 futurum
1621 1842 1911 1881 ecclesiastica

76 1913 333 1952 secularisue
367 1925 547 1964 persona
582 1914 689 1953 hanc
724 1919 867 1953 nostre
899 1913 1201 1952 constitutionis
1242 1911 1437 1964 paginam
1471 1911 1611 1948 sciens
1644 1913 1789 1948 contra
1821 1920 1912 1948 eam

77 1983 231 2020 temere
269 1982 417 2020 uenire
457 1983 717 2033 temptauerit
756 1981 942 2020 secundo
982 1980 1158 2019 tertioue
1205 1979 1444 2017 commonita
1482 1978 1559 2016 nisi
1602 1981 1758 2016 reatum
1797 1988 1912 2015 suum

76 2059 265 2102 congrua
298 2048 586 2089 satisfactione
619 2051 855 2088 correxerit
888 2048 1104 2098 potestatis
1136 2047 1388 2096 honorisque
1421 2046 1483 2084 sui
1514 2048 1659 2083 careat
1691 2045 1911 2098 dignitate,

77 2126 269 2167 reamque
308 2128 357 2156 se
397 2117 533 2156 diuino
574 2118 722 2156 iudicio
757 2118 944 2156 existere
984 2116 1036 2154 de
1076 2118 1314 2165 perpetrata
1353 2114 1566 2164 iniquitate
1605 2116 1839 2166 cognoscat
1871 2116 1912 2151 et

77 2194 103 2222 a
133 2185 411 2223 sacratissimo
444 2197 621 2235 corpore
663 2197 714 2224 ac
753 2188 963 2237 sanguine
997 2183 1061 2221 dei
1095 2186 1137 2220 et
1173 2182 1317 2220 domini
1350 2181 1620 2230 redemptoris
1659 2180 1788 2219 nostri
1820 2180 1912 2218 iesu

77 2249 217 2289 christi
257 2253 393 2291 aliena
434 2251 502 2291 fiat
545 2257 668 2304 atque
716 2253 755 2291 i'n
803 2257 987 2291 extremo
1034 2251 1224 2287 examine
1271 2249 1455 2287 districte
1502 2248 1717 2287 subiaceat
1757 2248 1911 2286 ultioni.

79 2316 249 2358 Cunctis
281 2324 414 2359 autem
448 2321 578 2359 eidem
622 2321 711 2359 loco
751 2332 827 2358 sua
862 2320 948 2357 iura
982 2316 1247 2356 seruantibus
1279 2317 1332 2354 sit
1364 2328 1447 2366 pax
1480 2316 1625 2354 domini
1660 2315 1789 2353 nostri
1821 2315 1913 2353 iesu

77 2383 232 2439 christi,
266 2389 456 2438 quatinus
490 2392 530 2427 et
563 2389 629 2426 hic
664 2387 834 2426 fructum
862 2386 971 2424 bone
1003 2385 1177 2423 actionis
1211 2384 1440 2434 percipiant
1471 2387 1513 2422 et
1545 2383 1652 2433 apud
1687 2383 1912 2421 districtum

77 2452 247 2493 iudicem
281 2456 434 2505 premia
476 2460 623 2495 eterne
666 2456 781 2506 pacis
823 2454 1034 2492 inueniant
1074 2462 1192 2490 amen
1233 2462 1351 2490 amen
1385 2462 1515 2489 amen.
1579 2452 1678 2504 Ego
1712 2450 1911 2488 Vrbanus

82 2519 283 2561 catholice
315 2523 497 2562 ecclesie
531 2524 766 2575 episcopus.
800 2522 1012 2572 [siquamt
1044 2518 1109 2559 sac
1143 2530 1297 2558 mecum
1332 2519 1491 2558 domine
1525 2519 1690 2572 signum
1725 2519 1911 2568 bonum.)
