2155 2928
960 180 1058 220 221

90 321 151 362 sui
176 319 392 360 dulcedine
420 320 637 358 consueuit
663 319 860 360 bonorum
885 319 1100 360 affec-tibus
1126 332 1174 359 se
1194 319 1460 372 prestabilem
1484 320 1702 375 exhibere⁷
1730 326 1930 362 ammonet

90 394 131 430 et
162 389 361 442 hortatur,
387 392 430 426 ut
460 399 538 438 per
564 390 704 438 operis
738 389 993 428 euidenciam
1028 393 1069 428 et
1092 400 1354 441 consensum,
1388 389 1455 439 pie
1480 389 1648 439 operari
1681 390 1929 443 uolentibus7

88 467 322 499 annuamus.
383 455 493 494 Hinc
534 459 611 508 est,
654 456 760 507 quod
802 469 878 496 nos
920 457 1184 507 presentibus
1224 455 1471 509 profitemur,
1512 457 1619 508 quod
1659 458 1930 496 venerabiles

90 526 181 579 viri,
213 529 254 564 et
285 524 423 563 dilecti
456 523 590 576 nobis7
634 527 838 578 magister
871 524 1017 563 domus
1056 524 1275 576 hospitalis
1316 537 1350 563 8.
1384 524 1558 564 Ioannis
1590 525 1929 575 lerosolimitam‘,

87 605 162 646 per
200 592 416 631 Boemiam
459 593 498 629 el
533 592 773 630 Horat-iam
812 595 849 630 et
888 593 1112 631 Polom'am
1151 595 1190 630 et
1222 593 1382 644 fratres
1421 592 1568 631 domus
1615 594 1658 631 in
1702 591 1929 643 Crob-nich,

90 661 222 701 villam
254 659 458 711 quandam
491 658 658 709 quz-de
690 660 947 712 nominatam,
972 658 1079 699 fideli
1114 664 1254 699 nostro
1283 660 1464 699 Parduz
1496 661 1727 700 camerario
1761 660 1930 700 Olomu-

89 729 217 779 censi,
249 727 510 766 contulerunt
551 726 603 765 ad
636 730 819 776 tempora
861 728 946 766 vite
979 739 1067 766 sue.
1107 729 1162 766 ita
1195 732 1343 767 tamen.
1384 732 1430 767 vt
1469 726 1628 767 fructus
1668 729 1798 780 ipsius
1832 728 1930 767 ville

90 797 288 848 percipiat
320 799 361 834 et
392 799 484 845 post
508 795 598 833 eius
632 795 795 847 obitum7
829 795 990 834 sublato
1018 797 1121 834 omni
1155 795 1456 847 impedimento⁷
1487 794 1656 834 fratrum
1691 800 1732 835 et
1760 797 1930 835 aliorum

91 865 305 904 amicorum
336 875 500 902 suorum
534 862 585 901 ad
613 874 716 900 vsus
750 861 917 901 fratrum
948 863 1222 913 predictorum
1257 869 1298 902 et
1330 863 1545 913 hospitalis
1578 865 1675 902 villa
1711 868 1930 914 prenotata

90 943 177 972 cum
207 932 294 971 suis
333 931 604 982 prouentibus
645 931 776 969 libere
821 932 1070 970 reuoluatur.
1133 932 1222 970 Nos
1263 932 1393 984 igitur
1434 931 1540 982 quod
1582 933 1755 982 prouide
1795 938 1929 971 actum

91 987 160 1040 est'
185 1001 225 1039 in
262 1000 489 1052 premissis7
524 1004 689 1052 gratum
730 1003 772 1037 et
804 1004 934 1037 ratum
973 1000 1191 1051 habentes,
1232 999 1384 1052 sigillis
1426 1001 1577 1038 nostris
1618 1012 1706 1038 cum
1740 1001 1931 1038 subscri-

91 1069 226 1120 ptione
264 1068 440 1117 testium,
487 1066 782 1108 confirmamus.
824 1067 973 1106 dantes
1021 1069 1061 1106 in
1101 1068 1370 1106 testimonium
1421 1068 1608 1120 euidens⁷
1648 1068 1807 1106 litteras
1851 1068 1930 1106 has

88 1140 290 1188 patentes.
337 1136 430 1174 Hec
463 1146 567 1174 vero
600 1139 695 1174 sunt
726 1135 888 1173 testium
921 1136 1095 1187 nomina,
1121 1146 1200 1186 que
1234 1140 1444 1173 secuntur.
1477 1136 1760 1186 Marquardus
1789 1146 1930 1174 came-

91 1205 237 1257 rarius,
263 1203 377 1243 Ydik
407 1207 447 1242 et
471 1203 737 1242 Zlauiborius
756 1201 923 1241 fratres.
951 1202 1099 1242 Chuno
1128 1215 1216 1242 cum
1242 1202 1383 1255 fratre7
1410 1204 1643 1242 Benescius
1662 1204 1929 1256 camerarius,

91 1272 316 1312 Diwiscius
342 1272 554 1322 pincerna.
580 1271 806 1312 Schaenko
831 1271 882 1310 de
902 1272 1063 1311 Sitauia
1091 1283 1179 1310 cum
1203 1269 1332 1309 fratre
1357 1283 1444 1310 suo.
1471 1272 1684 1310 Hartlibus
1712 1276 1752 1310 et
1775 1272 1929 1310 Iaenzo

90 1338 252 1380 fratres.
285 1340 483 1379 Bohusch
516 1338 619 1378 filius
653 1338 876 1390 Cyrhonis.
911 1344 949 1378 et
983 1339 1049 1377 alii
1084 1351 1200 1389 quam
1241 1340 1394 1389 plures.
1457 1340 1606 1378 Actum
1640 1351 1748 1378 anno
1783 1340 1930 1378 domini

91 1409 149 1449 Μ.
182 1406 270 1449 CC.
303 1408 419 1447 LVI.
466 1409 615 1447 Datum
643 1409 751 1458 apud
787 1408 997 1458 Opauiam.
1024 1419 1099 1457 per
1131 1420 1274 1446 manns
1301 1407 1517 1447 u'ilhelmi
1553 1412 1593 1446 et
1625 1408 1800 1447 Arnoldi
1832 1412 1929 1446 tune

94 1476 488 1528 prothonotariorum
522 1482 765 1516 nostrorum.
831 1476 1141 1524 Quintodecimo
1173 1476 1390 1514 Kalendas
1423 1476 1622 1529 Augusti.

393 1575 447 1608 Ex
472 1576 669 1617 originali
692 1577 723 1606 in
746 1575 880 1607 archivo
904 1574 1184 1607 M.Pr10ratus
1208 1574 1486 1605 Melitensium
1510 1573 1681 1616 Pragae.

854 1740 1162 1782 CCxxxvll.

93 1842 278 1895 Pardus,
312 1845 572 1883 camerarius
607 1844 912 1894 olomucensis.
952 1846 1109 1895 partem
1143 1841 1341 1881 bonorum
1382 1842 1421 1880 in
1456 1841 1695 1880 Dirzizlaw
1723 1839 1929 1893 fratribus

94 1911 245 1952 eisdem
282 1913 326 1952 in
365 1912 560 1964 Hrobnjlc
598 1914 771 1965 confert.
834 1914 905 1952 DI.
948 1911 1062 1963 apud
1095 1910 1312 1962 Opta-ium,
1352 1909 1449 1949 ΧΓ.
1481 1909 1703 1948 Kalendas
1737 1909 1930 1959 Anynsle‘,

940 1979 1089 2018 1256.

233 2071 356 2145 Ego
396 2090 563 2130 Parduz
605 2091 861 2130 camerarius
909 2089 1215 2140 olomucensis7
1249 2087 1457 2125 vniuersis
1498 2086 1606 2125 hanc
1647 2086 1822 2125 litteram
1864 2086 1930 2124 in-

91 2159 293 2209 specturis
326 2160 588 2210 presencium
622 2157 815 2209 profiteor
849 2169 923 2208 per
948 2162 1144 2196 tenorem.
1179 2155 1284 2206 quod
1321 2159 1474 2205 partem
1503 2156 1697 2193 bonorum
1732 2165 1929 2205 quecum-

93 2236 171 2277 que
201 2237 264 2266 me
296 2228 501 2281 contingit
533 2229 572 2266 in
607 2228 705 2266 villa
739 2238 818 2278 que
852 2226 1109 2266 Di2·.s·izlawe
1135 2229 1321 2275 vocatur,
1356 2223 1462 2261 nullo
1497 2223 1715 2261 amicorum
1749 2233 1930 2261 meorum

92 2293 278 2334 obstante
317 2296 614 2346 impedimento.
651 2294 856 2347 fratribus
896 2293 1042 2332 domus·
1084 2291 1134 2330 de
1174 2290 1386 2331 Grobnick
1427 2291 1665 2342 cruciferis,
1705 2289 1929 2341 hos-pilulis

95 2363 225 2401 sancti
256 2363 458 2402 Iohannis
491 2364 828 2411 lerosolimitani,
857 2373 929 2412 pro
963 2359 1143 2398 remedio
1178 2359 1349 2397 omnium
1376 2370 1554 2397 meorum
1580 2358 1732 2397 contuli
1766 2368 1924 2408 pecca-

91 2431 230 2468 torum.
292 2431 339 2470 In
372 2432 489 2470 euius
530 2433 590 2470 rei
625 2431 893 2469 testimonium
928 2432 969 2467 et
1008 2427 1222 2479 cautelam7
1261 2427 1362 2476 ipsis
1403 2438 1492 2465 cum
1532 2427 1674 2480 sigillo
1716 2437 1803 2464 meo
1837 2425 1931 2465 dedi

91 2496 248 2536 litteras
280 2498 358 2537 has
399 2503 602 2549 patentes.
643 2497 842 2536 'restibus
881 2496 1124 2534 subnotatis.
1165 2495 1411 2534 Zudomirus
1451 2498 1492 2533 et
1530 2495 1737 2544 Budiwoy
1777 2492 1931 2533 fratres

92 2565 179 2603 mei.
219 2565 499 2618 Marquardus
540 2566 804 2605 camerarius
843 2565 1077 2603 Benescius
1117 2564 1383 2602 camerarius,
1418 2563 1556 2602 Ydick
1590 2568 1630 2602 et
1663 2562 1930 2601 Zlauiborius
