2155 2928
950 153 1047 194 179

927 292 1078 334 CCIII.

83 388 350 426 Innocentius
380 400 491 438 papa
523 387 601 427 IV.
635 386 851 439 confirmat
877 386 1162 438 fundationem
1195 389 1233 425 et
1254 385 1502 425 dotationem
1534 385 1753 437 hospitalis
1784 390 1919 428 sancti

82 454 273 507 Spiritus
305 456 349 494 iu
380 456 558 505 Antiqua
591 456 740 493 Bruna
770 453 975 506 fratribus
1013 455 1146 492 sancti
1177 454 1358 493 ‚loannis
1397 454 1781 505 Hierosolymitani.
1843 457 1916 495 Dt.

481 523 699 572 Laterani,
732 522 829 561 XV.
862 521 1044 561 Kalend.
1077 520 1316 571 Februarii,
1356 521 1506 561 1254.

251 592 530 653 Innocentius
562 622 714 649 seruus
755 621 968 649 seruorum
1001 610 1095 648 Dei.
1157 609 1334 648 Dilectis
1376 608 1466 648 filiis
1505 610 1710 663 magistro
1752 613 1793 649 et
1825 609 1915 650 fra-

83 678 213 717 tribus
256 678 474 730 hospitalis
513 678 838 716 Ierosolimitani
877 679 921 716 in
959 678 1158 717 Morauia
1196 676 1368 715 salutem
1409 681 1450 715 et
1481 678 1747 727 apostolicam
1780 678 1916 717 bene-

81 745 314 785 dictionem.
371 743 601 785 Consueuit
632 745 860 795 apostolica
893 745 1027 783 sedes·
1052 744 1287 782 deuotorum
1321 744 1664 783 condescendere
1697 746 1774 795 piis
1807 747 1915 784 uotis

81 815 123 850 et
154 813 389 864 petitiones,
423 823 502 862 que
534 824 558 851 a
591 813 691 850 iuris
723 813 884 850 tramite
916 823 997 849 non
1030 811 1282 863 discordant,
1316 810 1462 850 effectu
1490 817 1769 863 prosequente
1801 825 1916 852 com-

80 878 207 929 plere.
272 878 388 918 Sane
421 883 612 928 porrecta
645 880 764 918 nobis
798 890 852 918 ex
885 883 1002 929 parte
1034 883 1176 917 uestra
1210 880 1349 928 petitio
1383 879 1634 933 continebat⁷
1668 881 1773 931 quod
1806 882 1915 920 bone

79 947 269 986 memorie
302 947 561 997 Rudegerus
585 947 687 985 ciuis
722 947 981 985 Brunnensis
1014 950 1056 985 et
1082 946 1282 997 quondam
1314 946 1492 985 Hodona
1515 958 1622 985 uxor
1653 948 1743 986 eius
1769 948 1916 1000 hospi-

79 1014 159 1052 tale
190 1013 240 1051 de
270 1014 489 1063 Brunnen,
523 1014 628 1064 quod
669 1015 707 1052 in
743 1017 906 1064 proprio
948 1011 1071 1052 fundo
1106 1024 1243 1051 eorum
1277 1017 1602 1052 construxerant
1639 1017 1680 1053 et
1712 1015 1764 1053 de
1796 1016 1916 1054 bonis

80 1081 325 1138 dotaueraut
368 1082 545 1131 propriis
585 1093 657 1131 pro
706 1093 869 1120 suorum
914 1080 1093 1118 remedio
1135 1084 1397 1130 peccatorum
1444 1080 1694 1119 liberalitate
1743 1082 1916 1132 prouida

79 1147 336 1187 donauerunt
377 1148 590 1187 diocesani
623 1149 702 1187 loci
735 1149 966 1187 accedente
999 1158 1221 1199 consensu,
1254 1148 1369 1186 clare
1410 1158 1572 1198 quoque
1605 1136 1917 1189 recordacionis

82 1214 376 1254 Wencezlaus
409 1216 507 1254 Rex
538 1217 708 1255 Boemie
740 1217 845 1255 idem
884 1216 1088 1265 hospitale
1121 1216 1325 1253 nonnullis
1364 1215 1624 1254 libertatibus
1657 1220 1698 1255 et
1729 1217 1916 1256 immuni-

80 1282 231 1321 tatibus
270 1294 321 1321 ac
360 1283 481 1336 villis,
531 1284 883 1336 possessionibus,
932 1284 1080 1336 vineiS,
1127 1283 1256 1335 siluis,
1296 1283 1538 1322 molendinis
1578 1287 1619 1322 et
1657 1284 1784 1323 rebus
1823 1285 1915 1324 aliis

78 1348 244 1403 dotauit,
284 1350 535 1400 postmodum
577 1350 849 1389 munificentia
889 1351 1063 1403 liberali,
1104 1354 1223 1401 prout
1262 1350 1342 1389 hec
1381 1352 1512 1389 omnia
1552 1352 1593 1389 in
1635 1352 1914 1392 instrumentis

78 1416 172 1455 inde
205 1415 405 1455 confectis
438 1418 599 1468 plenius
633 1418 780 1456 dicitur
812 1419 1027 1457 contineri.
1075 1418 1165 1456 Nos
1198 1419 1329 1471 igitur
1360 1420 1516 1456 uestris
1548 1419 1914 1468 supplicationibus

77 1484 258 1523 inclinati
291 1486 592 1524 concessiones
625 1486 866 1538 huiusmodi7
901 1490 1020 1536 prout
1053 1486 1117 1536 pie
1150 1497 1201 1524 ac
1236 1485 1404 1535 prouide
1437 1485 1546 1524 facte
1579 1489 1674 1524 sunt
1706 1490 1747 1525 et
1777 1487 1819 1525 in
1850 1488 1914 1526 al-

77 1552 206 1590 terius
239 1552 506 1602 preiudicium
546 1565 626 1591 non
660 1553 906 1605 redundant,
939 1557 1054 1591 ratas
1092 1552 1298 1591 habentes
1332 1556 1375 1591 et
1413 1558 1577 1606 gratas,
1618 1555 1733 1603 ipsas
1766 1558 1915 1594 aucto-

77 1619 199 1657 ritate
241 1620 467 1669 apostolica
507 1619 789 1658 confirmamus
832 1624 872 1658 et
911 1620 1119 1670 presentis
1158 1621 1301 1670 scripti
1342 1621 1570 1669 patrocinio
1611 1622 1911 1661 communimus.

77 1685 185 1724 Nulli
218 1697 326 1738 ergo
360 1687 519 1724 omnino
552 1686 753 1724 hominum
785 1687 908 1725 liceat
947 1686 1054 1724 hanc
1088 1688 1284 1740 paginam
1326 1691 1467 1726 nostre
1500 1686 1815 1727 confirmationis
1846 1690 1914 1728 in-

78 1750 283 1806 fringere,
316 1753 383 1791 uel
417 1754 454 1791 ei
488 1765 591 1791 ausu
624 1755 843 1792 temerario
877 1757 1021 1791 contra
1055 1755 1128 1792 ire.
1185 1754 1232 1794 Si
1267 1756 1357 1804 quis
1390 1758 1524 1793 autem
1557 1754 1635 1793 hoc
1668 1758 1913 1806 attemptare

76 1821 386 1873 presumpserit⁷
427 1820 753 1873 indignationem
793 1822 1079 1870 omnipotentis
1119 1822 1184 1860 dei
1224 1824 1266 1859 et
1304 1822 1517 1860 beatorum
1554 1822 1668 1861 Petri
1712 1826 1754 1862 et
1792 1823 1912 1862 Pauli

77 1887 352 1937 apostolorum
386 1888 476 1925 eius
518 1899 565 1926 se
598 1888 760 1926 nouerit
800 1888 1070 1926 incursurum.
1132 1889 1282 1927 Datum
1324 1889 1526 1927 Laterani
1566 1890 1664 1929 XV.
1696 1891 1791 1929 Kal.
1824 1891 1911 1930 Fe-

77 1954 245 1993 bruarii.
278 1953 546 1994 Pontificatus
580 1956 709 1993 nostri
741 1966 850 1993 anno
883 1955 1112 1994 vndecimo.

382 2051 435 2082 Ex
458 2053 564 2082 actis
587 2050 696 2083 MSS.
719 2060 809 2083 saec.
834 2051 927 2083 XIV.
952 2050 1131 2092 ejusdem
1155 2052 1336 2092 hospitalis.

916 2196 1071 2238 CCIV.

79 2287 192 2327 Idem
226 2289 427 2328 ecclesiae
465 2290 706 2328 monasterii
737 2290 947 2329 Zurensis
986 2290 1265 2340 indutqenttas
1304 2291 1517 2342 elaryitur.
1581 2293 1652 2331 Dt.
1692 2293 1910 2345 Laterani,

726 2356 872 2395 Idibus
903 2359 1064 2407 Martii,
1106 2357 1252 2397 1254.

248 2424 525 2482 Innocentius
564 2444 785 2494 episcopus
824 2456 974 2484 seruus
1013 2456 1227 2484 seruorum
1269 2446 1350 2486 dei.
1411 2447 1588 2487 Dilectis
1620 2446 1712 2487 filiis
1744 2476 1755 2488 .
1788 2478 1797 2487 .
1830 2449 1910 2488 ab-

77 2508 161 2548 bati
195 2513 236 2549 et
274 2511 494 2549 conuentui
535 2512 774 2551 monasterii
812 2513 852 2551 in
892 2512 1058 2552 deserto
1102 2514 1225 2552 Zaro
1265 2512 1563 2555 Cisterciensis
1603 2515 1760 2555 ordinis
1798 2517 1908 2556 Pra-

1593 2581 1703 2623 232*
