2155 2928
924 167 1027 207 393

876 371 1087 414 CCCXC.

60 481 264 531 Joonnes‚
301 481 522 532 episcopus
553 480 805 532 Praqensis‚
846 482 1064 534 confirmat
1100 486 1350 524 monasterio
1391 487 1579 526 Zur-ensa·
1617 490 1816 540 cupellam
1849 493 1892 530 in

63 547 282 598 Chote'hoffi,
324 550 363 586 et
397 547 595 598 indulyet‚
636 551 682 586 ut
712 548 859 587 ‘ibidem
900 550 956 588 ad
987 552 1187 601 cupellam
1226 553 1354 603 aliqui
1385 555 1573 604 reliyiose·
1606 556 1893 597 cislerciensis

213 615 375 654 ordinis
407 615 630 653 resideant.
694 617 765 655 Dc.
797 616 986 667 Progne,
1019 618 1140 657 ΧΙἸ.
1174 621 1394 659 Kalendas
1426 623 1547 675 quje',
1587 623 1736 663 1267.

229 705 422 766 Ioannes
455 723 521 762 dei
548 725 700 777 gracia
727 725 965 778 Pragensis
995 728 1228 778 episcopus.
1268 730 1588 769 Honorabilibus
1615 735 1656 770 et
1678 733 1892 786 religiosis

59 793 161 831 viris
193 820 203 831 .
236 821 246 830 .
279 792 420 831 abbati
450 796 491 830 et
515 793 735 831 conuentui
761 791 883 832 fontis
912 794 1069 834 Sancte
1096 797 1230 834 Marie
1255 797 1293 834 in
1321 798 1428 835 Zur.
1454 798 1636 837 Salutem
1663 800 1701 838 in
1736 801 1892 840 domino

59 861 360 911 sempiternam.
422 860 499 898 Pie
532 861 749 910 postulatio
783 861 1003 900 uoluntatis
1036 862 1181 902 effectu
1222 864 1344 903 debet
1378 871 1653 916 prosequente
1686 869 1894 917 compleri.

58 931 102 967 ut
134 927 365 966 deuotionis
406 928 629 967 sinceritas
662 928 923 967 laudabiliter
955 931 1156 968 enitescat
1189 936 1229 969 et
1260 933 1410 969 utilitas
1445 933 1648 982 postulata
1681 936 1793 972 uires
1826 937 1892 973 in-

59 995 294 1035 dubitanter
326 999 520 1034 assumat.
584 996 821 1046 Eapropter
852 995 1004 1036 fratres
1038 999 1075 1035 in
1110 998 1264 1037 christo
1297 999 1446 1051 dilecti,
1488 1002 1639 1039 uestris
1672 1005 1713 1039 et
1745 1003 1892 1042 nobilis

60 1064 137 1103 viri
170 1063 363 1104 Smilonis
402 1063 453 1101 de
486 1063 759 1103 Luhtenburk
793 1066 870 1114 piis
912 1070 952 1104 et
985 1067 1292 1104 rationabilibus
1327 1068 1517 1116 precibus
1550 1068 1742 1107 inclinati.
1776 1074 1818 1108 ut
1849 1071 1889 1108 in

58 1131 179 1171 bonis
219 1135 260 1170 et
292 1131 388 1170 dote
427 1132 609 1170 ecclesie
649 1131 700 1170 de
733 1132 958 1171 Hoteborz.
1002 1144 1119 1183 quam
1153 1134 1242 1183 ipse
1281 1135 1426 1172 nobilis
1458 1146 1547 1173 cum
1587 1137 1768 1174 omnibus
1803 1139 1890 1175 suis

59 1200 316 1250 pertinentiis
350 1204 550 1249 perpetuo
576 1199 868 1249 possidendam
903 1202 1065 1250 pietatis
1091 1202 1230 1239 intuitu
1264 1202 1427 1240 donauit
1458 1202 1683 1241 liberaliter
1715 1208 1755 1241 et
1787 1215 1890 1242 con-

59 1267 189 1305 cessit
220 1266 338 1305 uobis
371 1270 413 1305 et
440 1267 622 1306 ecclesie
655 1272 811 1306 uestre.
840 1267 942 1306 duos
975 1268 1040 1305 uel
1064 1272 1150 1306 tres
1183 1269 1337 1306 ordinis
1361 1270 1488 1307 uestri
1521 1268 1672 1308 fratres
1698 1273 1889 1310 continue

57 1333 217 1373 habere
251 1335 434 1384 possitis.
468 1336 715 1386 presbytero
749 1336 942 1374 seculari.
976 1337 1040 1386 qui
1075 1336 1371 1385 parrochianos
1405 1337 1585 1375 eiusdem
1618 1337 1669 1376 de
1702 1338 1890 1376 Hotebor

58 1402 239 1441 ecclesie
279 1403 319 1440 in
351 1402 703 1442 administratione
743 1404 1010 1453 spiritualium
1041 1415 1120 1441 una
1165 1414 1252 1441 cum
1286 1405 1384 1453 ipsis
1427 1402 1620 1442 fratribus
1654 1406 1890 1454 procurabit

58 1471 210 1508 tantum
259 1469 311 1508 de
352 1472 552 1520 premisse
602 1471 708 1509 dotis
749 1471 948 1509 reditibus
998 1474 1038 1509 et
1078 1472 1410 1521 possessionibus
1456 1473 1741 1525 assignantes⁷
1782 1473 1888 1522 quod

58 1538 398 1577 sustentationem
439 1540 522 1578 uite
562 1537 832 1578 sufficientem
871 1539 1028 1578 habere
1069 1542 1109 1577 et
1150 1539 1495 1577 archidiaconalia
1536 1540 1623 1577 iura
1665 1543 1706 1577 et
1748 1544 1888 1578 nostra

59 1605 304 1655 persoluere
328 1606 479 1645 ualeat.
504 1610 649 1645 tenore
675 1608 794 1645 uobis
820 1608 1066 1657 presentium
1091 1606 1362 1659 indulgemus.
1385 1606 1638 1644 donationem
1668 1607 1890 1656 predictam

59 1673 181 1711 uobis
215 1677 256 1712 et
292 1674 475 1712 ecclesie
515 1679 657 1713 uestre
686 1673 833 1713 factam
867 1685 941 1724 per
971 1674 1202 1714 Smilonem.
1235 1675 1359 1712 uirum
1394 1674 1564 1711 nobilem
1603 1674 1890 1723 supradictum.

59 1739 112 1779 de
144 1738 305 1791 prefata
339 1741 391 1780 de
423 1742 637 1781 Hoteborz
670 1743 852 1781 ecclesia
886 1747 926 1780 et
959 1743 1085 1792 ipsius
1120 1742 1373 1791 pertinentiis
1408 1742 1611 1779 vniuersis
1645 1743 1890 1780 auctoritate

61 1817 142 1859 qua
175 1806 387 1861 fungimur
419 1808 722 1849 confirmantes.
771 1810 879 1849 Nulli
914 1822 1021 1863 ergo
1046 1811 1202 1848 omnino
1236 1809 1430 1847 hominum
1457 1809 1576 1847 liceat
1608 1809 1714 1847 hanc
1749 1813 1890 1848 nostre

65 1873 386 1915 confirmationis
417 1880 614 1930 paginam
647 1882 688 1917 et
710 1878 850 1916 indulti
879 1878 1057 1929 qualibet
1079 1878 1305 1915 temeritate
1338 1875 1581 1929 infringere.
1607 1881 1676 1914 aut
1701 1877 1762 1915 eis
1779 1877 1889 1927 [sic]

59 1953 164 1981 ausu
196 1945 415 1983 temerario
456 1946 680 1983 contraire.
713 1946 892 1996 alioquin
933 1945 1099 1996 quilibet
1131 1945 1196 1994 qui
1237 1946 1481 1982 contrarium
1515 1948 1756 1993 attemptare
1790 1955 1889 1993 pre-

59 2012 291 2061 sumpserit.
338 2013 774 2052 excommunicationis
820 2014 1063 2051 sententiam
1113 2023 1228 2062 quam
1278 2013 1316 2049 in
1363 2011 1440 2049 hiis
1481 2012 1646 2060 scriptis
1685 2012 1889 2063 exigente

60 2077 212 2117 iustitia
243 2077 502 2129 proferimus.
544 2081 634 2131 ipso
667 2079 775 2119 facto
809 2091 856 2119 se
889 2081 1049 2118 nouerit
1080 2080 1317 2118 incurrisse.
1378 2079 1424 2116 In
1465 2079 1580 2116 cuius
1613 2079 1672 2116 rei
1705 2079 1892 2116 testimo-

60 2145 166 2184 nium
199 2157 378 2197 presens
410 2149 605 2199 scriptum
637 2148 766 2201 sigilli
799 2148 927 2186 nostri
961 2153 1178 2186 caractere
1212 2145 1379 2184 fecimus
1413 2146 1617 2197 insigniri.
1669 2145 1816 2183 Actum
1849 2148 1891 2183 et

61 2212 194 2253 datum
226 2214 374 2268 Prage
406 2216 527 2255 XVI.
558 2216 777 2255 Kalendas
809 2216 925 2255 Maii.
958 2216 1079 2254 Anno
1116 2214 1261 2252 domini
1293 2213 1352 2252 M.
1386 2211 1554 2251 CCLX.
1587 2213 1769 2262 septimo.
1818 2212 1889 2251 In-

62 2279 239 2322 dictione
263 2282 434 2322 decima.
476 2282 745 2323 Pontificatus
770 2295 871 2322 uero
898 2283 1025 2321 nostri
1052 2280 1217 2320 fauente
1241 2281 1377 2318 diuina
1400 2280 1612 2318 clementia
1636 2291 1743 2318 anno
1769 2290 1890 2317 nono.

366 2397 420 2430 Ex
442 2399 641 2440 originali
665 2397 851 2439 ejusdem
874 2397 1067 2428 monasterii.
1091 2413 1131 2418 —-
1155 2394 1504 2426 steinbach—11.
1528 2402 1603 2434 pag.
1627 2392 1690 2425 23.

1621 2600 1687 2640 50
