2155 2928
1098 197 1202 237 240

232 357 313 384 non
347 345 538 383 obstante
571 344 606 381 si
640 341 852 394 religiosis
885 338 1144 389 quibuslibet,
1178 336 1286 386 quod
1317 346 1537 373 causarum
1568 335 1636 373 vel
1670 336 1932 388 negotiorum
1957 347 2070 377 com-

234 413 451 450 missiones
491 412 647 448 minime
680 412 895 447 teneantur
933 406 1162 456 suscipere,
1196 403 1386 453 quodque
1419 403 1765 441 excommunicari
1790 403 1858 442 vel
1884 404 2072 444 interdici

235 484 304 517 aut
335 477 532 528 suspendi
573 480 798 526 nequeant,
840 486 865 512 a
897 472 1012 512 Sede
1048 471 1276 520 apostolica
1308 472 1362 508 sit
1395 471 1600 509 indultum.
1654 470 1742 510 Sed
1776 472 1870 522 quia
1913 472 1954 510 in
1994 476 2071 512 tam

236 547 360 599 graui
394 546 560 583 crimine
593 555 681 581 cnm
713 542 833 580 multa
866 543 1028 590 oportet
1060 538 1223 576 cautela
1263 537 1446 590 procedi,
1478 541 1521 575 ut
1553 538 1594 575 in
1626 547 1724 576 reos
1757 539 1847 576 sine
1870 538 1950 577 ullo
1975 550 2072 589 pro-

236 612 392 650 seratur
424 622 566 649 errore
599 610 700 648 dure
732 619 782 646 ac
816 607 946 659 digne
985 606 1192 644 seueritas
1225 605 1411 657 ultionis,
1451 606 1636 644 volumus
1675 609 1718 644 et
1756 606 1992 645 mandamus
2030 611 2072 648 ut

236 691 333 731 vos,
374 679 440 718 vel
474 689 575 729 quos
608 677 659 715 ad
693 676 769 714 hoc
803 674 1005 713 duxeritis
1040 672 1299 723 deputandos
1332 673 1373 711 in
1405 673 1710 711 examinatione
1743 674 1926 726 testium,
1970 685 2072 725 quos

235 747 364 796 recipi
396 757 521 795 super
554 745 719 782 crimine
752 742 937 792 predicto
971 742 1182 791 ipsumque
1209 740 1549 793 contingentibus
1576 742 1816 793 oportuerit,
1841 740 2072 782 adhibeatis

235 814 355 852 vobis
397 814 498 851 duas
546 811 772 862 religiosas
819 813 860 846 et
906 808 1112 846 discretas
1153 819 1378 860 personas,
1418 808 1495 846 sub
1537 818 1706 858 quarum
1747 809 1960 858 presentia
1986 819 2074 858 *per

235 882 350 919 viros
384 880 553 918 idoneos
588 877 760 915 fideliter
793 886 932 914 eorum
965 877 1126 914 testium
1161 875 1351 925 deposita
1383 875 1716 913 conscribantur.
1757 874 1953 915 Ceterum
1983 887 2072 915 cum

236 947 357 996 aliqui
398 944 546 983 suerint
587 942 790 981 iudicandi
830 943 1025 995 heretici,
1065 943 1133 981 vel
1172 943 1516 981 incarcerationis
1560 953 1667 992 pena
1710 946 1910 992 perpetue
1950 942 2072 981 alicui

235 1025 308 1062 pro
342 1011 564 1050 huiusmodi
591 1011 758 1048 crimine
784 1007 1024 1062 infligenda,
1050 1010 1102 1048 ad
1130 1010 1168 1048 id
1194 1014 1234 1048 te
1261 1010 1576 1048 diocesanorum
1604 1010 1672 1048 vel
1701 1010 1949 1048 vicariorum
1974 1020 2074 1049 suo-

234 1091 319 1117 rum
352 1079 386 1116 si
420 1079 495 1127 ipsi
538 1077 772 1115 diocesanis
812 1077 1054 1115 absentibus
1089 1082 1309 1128 presentes
1343 1075 1494 1115 suerint
1533 1077 1705 1116 consilio
1746 1077 2002 1129 procedatis,
2033 1079 2076 1116 ut

235 1146 273 1183 in
318 1149 429 1183 tante
472 1144 844 1183 animaduersionis
903 1145 1052 1183 iudicio
1104 1156 1183 1183 non
1234 1144 1519 1194 postponenda
1565 1143 1794 1194 pontificum
1842 1145 2067 1183 auctoritas

238 1212 480 1251 intercedat.
543 1211 700 1250 Verum
732 1215 775 1250 ut
813 1211 1001 1261 predicta
1034 1213 1201 1262 possitis
1236 1212 1371 1250 utilius
1405 1215 1446 1250 et
1486 1212 1656 1250 liberius
1696 1223 1923 1265 exercere,
1955 1212 2073 1251 vobis

233 1279 445 1332 largiendi
479 1279 628 1332 viginti
663 1279 730 1317 vel
764 1279 1044 1332 quadraginta
1078 1279 1234 1317 dierum
1267 1278 1580 1332 indulgentiam,
1614 1280 1775 1329 quoties
1808 1283 2073 1329 opportunum

233 1347 433 1399 videritis,
466 1347 650 1384 omnibus
684 1347 962 1396 penitentibus
996 1351 1037 1385 et
1067 1345 1296 1399 confessis,
1331 1349 1397 1398 qui
1434 1346 1488 1385 ad
1514 1351 1696 1386 vestram
1731 1349 2070 1386 conuocationem

233 1417 401 1464 propter
432 1414 510 1452 hoc
542 1412 774 1452 faciendam
806 1415 1089 1467 accesserint,
1132 1415 1290 1465 plenam
1331 1418 1478 1453 tenore
1519 1415 1770 1464 presentium
1811 1415 2072 1453 concedimus

233 1479 478 1520 facultatem.
526 1481 661 1519 Vobis
694 1481 894 1531 siquidem
927 1493 999 1531 pro
1033 1481 1259 1520 huiusmodi
1294 1483 1469 1535 negotio
1496 1481 1782 1520 laborantibus
1815 1485 1857 1520 et
1889 1481 2074 1521 omnibus

234 1549 509 1599 personaliter
541 1549 662 1587 vobis
695 1549 988 1587 assistentibus
1022 1549 1063 1588 in
1103 1550 1248 1588 eodem
1287 1550 1394 1587 illam
1433 1553 1696 1599 peccatorum
1738 1550 1900 1588 veniam
1939 1549 2072 1588 indul-

233 1627 395 1668 gemus,
428 1627 507 1666 que
539 1616 882 1654 succurrentibus
915 1620 1028 1655 terre
1069 1621 1216 1656 sancte
1249 1617 1289 1654 in
1321 1616 1515 1669 generali
1550 1616 1725 1654 concilio
1759 1620 1825 1655 est
1856 1627 2073 1655 concessa.

235 1683 333 1721 Illos
366 1694 481 1735 vero,
515 1684 580 1734 qui
614 1683 665 1722 ad
700 1684 1018 1737 impugnandum
1051 1684 1276 1736 hereticos,
1309 1682 1494 1721 fautores
1527 1687 1567 1722 et
1601 1687 1889 1733 receptatores
1922 1687 1963 1722 et
1995 1684 2071 1722 de-

234 1747 425 1788 fensores
459 1762 596 1788 eorum
628 1751 749 1789 vobis
783 1762 837 1789 ex
869 1752 1002 1789 animo
1030 1752 1223 1790 auxilium
1250 1751 1461 1789 consilium
1495 1752 1752 1800 prestiterint
1777 1751 1845 1790 vel
1878 1749 2073 1804 fauorem,

237 1816 287 1854 (le
329 1818 614 1867 omnipotentis
648 1818 714 1856 dei
748 1818 1031 1857 misericordia
1071 1822 1112 1857 et
1152 1818 1363 1856 beatorum
1404 1818 1518 1856 Petri
1559 1822 1600 1857 et
1638 1818 1755 1857 Pauli
1797 1819 2073 1868 apostolorum

237 1884 326 1921 eius
358 1886 601 1923 auctoritate
635 1884 797 1938 confisi,
830 1890 918 1924 tres
950 1897 1082 1924 annos
1121 1886 1173 1924 de
1213 1887 1393 1924 iniuncta
1433 1885 1510 1924 sibi
1552 1886 1775 1935 penitentia
1816 1886 2072 1938 relaxamus3

238 1954 278 1988 et
310 1951 343 1988 si
378 1953 443 2001 qui
476 1963 530 1990 ex
562 1953 640 1990 hiis
675 1954 714 1991 in
747 1954 1038 2003 prosecutione
1071 1953 1300 1992 huiusmodi
1340 1954 1500 2006 negotii
1541 1951 1647 1992 forte
1686 1953 1972 2005 decesserint,
2011 1953 2071 1991 eis

238 2022 499 2067 peccatorum
533 2021 700 2058 omnium
735 2020 786 2058 de
820 2021 967 2070 quibus
1001 2020 1127 2058 corde
1151 2021 1314 2059 contriti
1341 2032 1389 2058 ac
1414 2032 1486 2059 ore
1509 2019 1691 2059 confessi
1718 2018 1884 2073 suerint,
1914 2021 2072 2070 plenam

236 2087 397 2123 veniam
432 2087 705 2139 indulgemus.
754 2086 1056 2137 Compescendi
1100 2099 1261 2138 quoque
1301 2089 1520 2126 monitione
1560 2090 1703 2138 preuia
1743 2099 1818 2138 per
1857 2098 2073 2126 censuram

239 2153 500 2200 apostolicam
534 2155 810 2204 appellatione
842 2157 1073 2205 postposita
1107 2156 1392 2205 predicatores
1425 2150 1688 2206 q‘uestuarios
1720 2167 1744 2194 a
1783 2155 2073 2205 predicationis

239 2217 382 2269 officio,
417 2220 521 2270 quod
556 2221 607 2259 ad
641 2223 753 2271 ipsos
786 2222 1018 2261 nullatenus
1052 2223 1244 2274 pertinet,
1271 2233 1439 2272 quorum
1472 2224 1648 2261 interest
1678 2226 1830 2261 tantum
1857 2223 2071 2261 caritatiua

239 2286 420 2324 subsidia
452 2289 687 2338 simpliciter
720 2295 878 2341 petere,
911 2301 961 2328 ac
994 2290 1292 2343 indulgentiam
1324 2291 1359 2328 si
1385 2301 1503 2340 quam
1535 2288 1640 2328 sorte
1664 2290 1818 2329 habent
1843 2298 2068 2340 exponere,

239 2351 406 2391 liberam
445 2355 564 2392 vobis
603 2357 813 2395 tribuimus
860 2355 1106 2395 facultatem.
1188 2356 1306 2404 Quod
1353 2358 1388 2395 si
1429 2369 1509 2396 non
1550 2357 1667 2395 ambo
1710 2357 1775 2396 his
1816 2355 2071 2407 exequendis

242 2420 452 2466 potueritis
484 2421 708 2474 interesse,
741 2424 846 2462 alter
878 2428 1059 2462 vestrum
1093 2436 1143 2462 ea
1176 2424 1432 2462 nihilominus
1465 2428 1733 2474 exsequatur.
1796 2425 1945 2464 Datum
1982 2423 2070 2462 La-

243 2486 389 2537 terani,
422 2488 519 2526 XV.
551 2490 767 2528 Kalendas
800 2492 917 2530 Maii.
966 2490 1234 2531 Pontificatus
1268 2492 1398 2531 nostri
1431 2503 1538 2530 anno
1573 2493 1708 2530 tertio.

548 2568 701 2599 Ibidem
726 2589 766 2593 —
790 2572 925 2611 epistola
949 2569 1039 2602 365.
