2155 2928
908 282 1129 324 CXLVII.

105 376 388 426 wama-eslans,
426 369 510 414 rea}
548 375 752 414 Boe'miae
792 378 830 414 et
867 377 1101 426 Moram-iae,
1143 377 1183 414 et
1220 375 1431 426 Pfemysl,
1470 375 1660 414 marchio
1699 376 1934 427 atomi-iae,

95 443 209 496 filius
246 444 349 495 ejas,
383 444 629 495 confirmant
655 444 763 495 Jura
796 443 936 482 cit-ilia
973 446 1011 482 el
1046 445 1240 482 montana
1269 444 1422 483 civium
1453 443 1767 494 Iylariensz'um.
1811 444 1860 485 S.
1895 444 1934 483 d.

833 510 999 561 (1247
1033 533 1090 539 -—
1125 511 1196 561 9).

267 601 328 662 In
359 621 521 660 nomine
553 619 700 659 domini
732 621 879 660 Amen.
941 620 1031 659 Nos
1070 620 1138 660 W
1140 631 1363 660 encezaus.
1396 620 1462 660 dei
1494 621 1646 674 gracia
1679 632 1758 660 rex
1788 619 1936 660 Bobe-

96 688 178 727 mie
209 691 248 727 el
275 689 493 728 ,nm-ause.-
527 687 722 728 Omnibus
766 691 1003 738 presentem
1035 689 1234 741 paginam
1266 689 1516 738 inspecturis
1556 689 1728 728 salutem
1762 690 1803 727 in
1835 700 1936 740 per-

99 758 272 806 petuum.
337 754 437 795 Cum
470 756 632 809 regalis
665 755 851 809 dignitas
885 760 926 794 et
957 756 1169 795 honestas.
1196 759 1309 795 tanto
1344 756 1596 810 diligencius
1628 757 1715 795 suis
1748 755 1937 795 fidelibus

98 822 253 862 adesse
284 827 489 874 teneatur,
523 826 674 873 quanto
708 822 971 861 differencius
1004 825 1250 876 preceteris7
1282 824 1429 874 quibus
1463 825 1653 878 regimen
1687 828 1811 876 atque
1845 824 1935 863 cul-

97 901 190 930 men
214 891 370 929 terreni
392 890 555 929 dominii
583 894 647 929 est
672 890 873 929 donatum.
893 891 1006 929 clare
1035 889 1245 944 prefulget
1272 891 1490 944 dignitatis
1515 893 1676 931 nomme
1701 898 1741 932 et
1765 893 1936 931 honore.

97 957 223 997 Vnde
255 970 331 996 nos
356 959 422 1008 qui
456 963 686 997 nostrorum
720 957 892 997 fidelium
926 969 1080 997 cauere
1104 959 1288 998 uolumus
1321 963 1362 998 et
1388 962 1574 998 tenemur
1605 960 1936 999 indemnitatibus

99 1029 141 1066 et
173 1026 367 1076 periculis
393 1027 596 1065 onerosis.
631 1037 685 1065 ex
718 1027 968 1077 plenitudine
1001 1028 1152 1079 gracie
1178 1031 1320 1065 nostre
1354 1031 1395 1065 et
1420 1025 1588 1066 fauoris.
1621 1027 1672 1067 ad
1705 1029 1936 1066 memoriam

99 1092 185 1132 fieri
223 1093 408 1132 uolumus
447 1094 736 1144 sempiternam
774 1098 855 1133 tam
894 1094 1130 1133 uiuentibus
1173 1105 1290 1145 quam
1332 1095 1516 1133 uicturis.
1557 1099 1654 1146 quot
1693 1107 1769 1134 nos
1811 1096 1938 1149 regia

99 1161 344 1200 auctoritate
377 1165 518 1200 nostra
559 1165 600 1201 et
631 1162 763 1200 libera
796 1162 1006 1201 uoluntate
1047 1162 1208 1201 dilectis
1242 1163 1401 1201 ciuibus
1434 1165 1587 1201 nostris
1621 1164 1661 1201 in
1693 1163 1862 1213 quauia
1895 1166 1937 1203 et

98 1229 298 1268 montanis
330 1229 483 1280 ubique
516 1230 556 1268 in
583 1240 721 1282 regno
755 1234 896 1268 nostro
921 1231 1153 1268 constitutis
1187 1231 1367 1283 singulis
1394 1234 1435 1269 et
1460 1232 1679 1269 uniuersis.
1705 1231 1936 1270 libertates,

95 1297 202 1348 jura.
235 1307 313 1335 nec
346 1309 426 1336 non
460 1300 501 1336 et
533 1301 685 1337 statuta
717 1298 966 1347 subscripta.
1001 1309 1075 1348 per
1108 1309 1187 1349 que
1220 1299 1484 1348 tranquilitati
1519 1302 1559 1337 et
1585 1300 1742 1337 comuni
1775 1299 1937 1338 utilitati

99 1375 238 1404 eorum
271 1368 312 1404 et
344 1366 435 1415 paci
469 1365 728 1404 decreuimus
771 1366 1077 1416 prouidendum.
1113 1366 1212 1416 ipsis
1246 1366 1529 1405 nichilominus
1563 1370 1603 1404 et
1637 1377 1775 1404 eorum
1808 1367 1936 1406 here-

99 1432 230 1472 dibus.
263 1434 581 1472 successoribus
625 1438 665 1472 et
699 1435 878 1484 posteris
921 1435 1044 1487 regia
1081 1434 1307 1484 prudencia
1349 1438 1389 1472 et
1428 1435 1632 1473 hilaritate
1672 1435 1936 1473 concedimus

98 1500 360 1554 indulgemus
386 1506 426 1540 et
451 1500 747 1540 confirmamus.
794 1503 972 1551 Insuper
997 1513 1089 1539 cum
1114 1513 1189 1540 nos
1218 1502 1365 1540 dilecto
1394 1502 1483 1553 filio
1507 1505 1649 1540 nostro
1680 1502 1939 1541 Primi-z-Ioni

96 1569 375 1620 principatum
406 1570 603 1608 ,llorauie
635 1570 964 1608 contulissemus.
989 1569 1120 1607 dictos
1154 1570 1269 1607 ciues
1311 1573 1352 1607 et
1383 1569 1626 1607 montlianos
1660 1575 1824 1608 nostros
1857 1570 1935 1609 sibi

98 1639 272 1687 paterne
305 1636 557 1675 donauimus.
591 1643 632 1674 et
665 1637 898 1689 ingraciam
930 1648 1005 1675 sue
1048 1637 1279 1689 dignitatis.
1313 1637 1483 1686 speciali
1519 1637 1752 1676 dilectionis
1785 1637 1937 1677 affectu

99 1701 272 1742 fideliter
312 1708 352 1742 et
392 1704 595 1757 regaliter
634 1703 686 1742 de
727 1716 844 1742 manu
891 1703 942 1742 ad
982 1716 1140 1742 manum
1181 1704 1450 1743 commisimus
1492 1704 1819 1743 conseruandos.
1882 1706 1937 1744 Et

99 1782 227 1820 super
258 1771 338 1809 hiis
371 1771 555 1809 omnibus
589 1769 877 1809 confirmandis
911 1775 952 1810 et
984 1771 1286 1810 conseruandis
1322 1775 1556 1822 presentem
1590 1774 1787 1826 paginam
1819 1773 1935 1826 sigili

100 1839 229 1877 nostri
261 1839 477 1877 munimine
510 1837 681 1877 fecimus
715 1839 917 1876 roborari.
981 1839 1068 1878 Nos
1103 1839 1303 1878 Primicil
1334 1839 1400 1878 dec·
1429 1841 1581 1890 ‚qma-ia
1613 1840 1802 1879 marchio
1834 1842 1935 1880 ,llo-

98 1906 230 1944 rante.
272 1907 436 1959 regiam
474 1906 814 1944 beneuolenciam
854 1910 895 1944 et
934 1904 1116 1944 fauorem
1158 1907 1289 1956 patris
1338 1908 1468 1946 nostri
1510 1908 1771 1947 illustrissimi
1814 1909 1936 1962 regis

98 1973 297 2012 Bohemie
331 1984 440 2026 erga
475 1984 573 2011 suos
606 1971 749 2011 fideles
783 1971 911 2013 Ciues
945 1978 986 2012 et
1016 1973 1242 2013 Montanos
1283 1978 1322 2013 et
1355 1986 1464 2028 erga
1497 1976 1601 2014 alios
1635 1977 1758 2029 regie
1792 1976 1935 2030 digni-

99 2041 172 2079 tati
206 2041 445 2091 obsequium
475 2044 711 2090 prestantes
744 2051 819 2079 sue
845 2040 1045 2079 uoluntati
1077 2044 1118 2080 et
1141 2043 1378 2091 paternitati
1413 2054 1486 2093 per
1511 2044 1643 2082 omnia
1676 2044 1936 2084 decreuimus

100 2107 284 2146 obedire.
318 2112 359 2146 et
390 2112 625 2157 presentem
658 2108 856 2160 paginam
891 2109 1019 2161 sigilli
1053 2111 1182 2148 nostri
1223 2111 1437 2148 munimine
1471 2109 1640 2149 fecimus
1674 2113 1934 2165 consignari.

99 2174 160 2213 Vt
185 2175 292 2222 (sic)
311 2175 440 2228 igitur
464 2175 637 2213 libertas
663 2179 703 2214 et
721 2176 859 2228 gloria
884 2177 1132 2228 magestatis
1154 2178 1291 2230 regie.
1319 2189 1392 2228 per
1418 2179 1577 2229 aliquos
1598 2183 1935 2229 presumptuosos

102 2241 256 2280 debeat
281 2243 547 2294 inpungnari.
580 2242 647 2280 uel
679 2243 844 2281 irritari.
880 2256 960 2281 vna
994 2256 1081 2282 cum
1116 2243 1193 2283 filio
1219 2249 1375 2284 nostro.
1407 2246 1592 2285 uolumus
1625 2252 1666 2285 et
1697 2247 1934 2285 mandamus

100 2308 177 2346 sub
211 2308 377 2347 obtentu
417 2310 567 2362 gracie
601 2314 742 2348 nostre
783 2314 822 2349 et
856 2312 1024 2364 rengni.
1064 2314 1266 2362 quatinus.
1301 2313 1446 2352 nullus.
1488 2314 1698 2353 baronum.
1731 2315 1934 2354 nobilium.

99 2375 167 2414 uel
200 2376 373 2414 militum.
407 2381 476 2415 aut
508 2377 828 2427 prouincialium.
868 2379 958 2417 siue
991 2380 1215 2419 curialium.
1255 2382 1409 2434 rengni
1442 2383 1585 2420 nostri.
1626 2382 1801 2432 aliquam
1834 2394 1934 2433 pre-

100 2444 365 2493 sumptionem
407 2444 472 2482 uel
510 2445 753 2483 uiolenciam
796 2457 1003 2484 exercere
1052 2453 1260 2497 presumat
1306 2450 1347 2487 in
1390 2450 1526 2500 aliqua
1568 2450 1736 2489 ciuitate
1778 2455 1934 2490 nostra.

100 2521 179 2549 uec
201 2511 375 2562 aliquem
399 2511 598 2551 hominem
623 2513 792 2552 inuadat
815 2524 893 2553 nec
920 2515 1069 2565 capiat.
1094 2526 1172 2554 nec
1205 2516 1245 2554 in
1269 2517 1404 2568 aliquo
1427 2518 1610 2572 negocio
1636 2529 1711 2557 suo
1738 2519 1933 2570 inpediat.
