2155 2928
79 314 187 358 ergo
220 301 379 341 omnino
411 301 612 341 hominum
642 301 768 341 liceat
798 301 907 340 hanc
940 302 1137 354 paginam
1169 303 1315 340 nostre
1347 299 1635 338 concessionis
1678 298 1914 354 infringere

77 372 146 411 vel
177 371 215 409 ei
241 382 344 408 ausu
371 371 590 408 temerario
617 370 840 408 contraire.
873 369 919 410 Si
948 369 1040 420 quis
1070 372 1203 408 autem
1229 368 1308 406 hoc
1335 371 1578 417 attemptare
1605 370 1914 422 presumpserit,

77 438 410 491 indignacionem
444 437 729 487 omnipotentis
763 437 829 475 dei
862 440 903 475 et
936 437 1146 475 beatorum
1170 436 1283 474 Petri
1318 439 1359 474 et
1382 435 1498 474 Pauli
1526 435 1799 485 apostolorum
1825 437 1915 475 eius

79 516 127 545 se
163 505 323 544 nouerit
356 505 624 543 incursurum.
663 504 759 543 Dat.
785 504 987 544 Laterani
1010 504 1087 544 VI.
1111 504 1209 544 Idus
1240 503 1434 543 Ianuarii.
1482 501 1752 542 Pontificatus
1785 504 1916 542 nostri

80 584 187 613 anno
219 573 404 623 septimo.

383 660 414 693 E
438 659 553 692 codice
576 660 898 693 Welehradensi
921 660 974 692 sol.
1000 660 1088 693 110.

930 797 1080 840 CCCI.

80 891 196 932 Idem
228 891 417 930 concedit
453 892 704 930 monasterio
746 890 1062 941 Tisnowicensi,
1100 894 1146 930 at
1178 892 1414 942 privileqiis
1453 894 1492 929 el
1527 890 1796 941 indalyeniiis
1828 891 1919 942 ejus

111 960 251 999 ordini
288 959 338 998 ab
377 959 606 1011 apostolica
639 959 737 997 sede
770 959 980 997 concessis
1014 958 1140 997 libere
1177 961 1235 997 uli
1266 959 1413 998 valeat.
1479 959 1633 997 Datum
1671 959 1889 1009 Laterani,

682 1027 753 1066 Vl.
787 1027 891 1065 Idus
923 1027 1138 1077 Januarii,
1179 1027 1328 1065 1261.

224 1092 495 1153 Alexander
519 1111 742 1161 episcopus
767 1122 917 1150 seruus
940 1122 1155 1150 seruorum
1182 1111 1261 1149 dei.
1298 1110 1470 1149 Dilectis
1503 1111 1542 1148 in
1569 1108 1736 1150 Christo
1762 1107 1922 1147 filiabus

84 1179 312 1220 Abbatisse
345 1183 386 1218 et
417 1180 636 1218 conuentui
671 1179 908 1217 monasterii
941 1178 992 1217 de
1026 1179 1160 1217 Porta
1194 1178 1272 1216 celi
1303 1176 1603 1218 Cisterciensis
1637 1177 1792 1216 ordinis
1820 1176 1923 1216 Olo-

86 1247 291 1287 mucensis
338 1247 519 1285 diocesis
567 1247 738 1285 salutem
785 1250 825 1285 et
872 1247 1138 1296 apostolicam
1185 1246 1527 1284 benedictionem.
1589 1245 1755 1285 Meritis
1798 1255 1923 1283 sacre

85 1319 228 1354 uestre
261 1315 481 1368 religionis
515 1315 753 1366 inducimur7
787 1318 829 1353 ut
869 1312 1022 1353 fauoris
1065 1314 1237 1367 benigni
1277 1315 1417 1367 gratia
1457 1325 1534 1352 uos
1577 1314 1734 1366 iugiter
1773 1323 1924 1363 perse-

86 1387 260 1435 quentes
293 1384 383 1433 paci
418 1386 459 1421 et
490 1382 770 1433 tranquillitati
804 1386 945 1421 uestre
979 1393 1030 1421 ne
1065 1383 1292 1435 iurgiorum
1326 1382 1584 1420 concutiatur
1623 1381 1816 1431 procellis
1849 1381 1925 1419 im-

86 1454 294 1502 posterum
326 1450 601 1489 consulamus,
642 1450 751 1488 Hinc
785 1453 849 1488 est
882 1449 989 1500 quod
1024 1461 1099 1488 nos
1139 1450 1291 1488 uestris
1331 1449 1699 1499 supplicationibus
1741 1448 1926 1487 inclinati

86 1521 130 1557 ut
161 1518 394 1571 priuilegiis
428 1521 469 1556 et
510 1517 781 1571 indulgentiis
814 1517 1077 1570 generaliter
1111 1517 1241 1555 ordini
1281 1520 1423 1555 uestro
1465 1516 1516 1555 ab
1550 1515 1781 1566 apostolica
1820 1515 1924 1554 sede

87 1587 302 1626 concessis
335 1587 374 1624 in
407 1586 486 1624 hiis
529 1597 609 1636 que
648 1586 767 1624 uobis
801 1590 1035 1635 competunt
1066 1586 1123 1623 uti
1155 1585 1287 1623 libero
1319 1585 1496 1623 ualeatis
1530 1584 1776 1622 auctoritate
1806 1583 1927 1621 uobis

88 1655 336 1704 presentium
369 1653 645 1706 indulgemus,
694 1653 804 1691 Nulli
845 1663 954 1705 ergo
988 1653 1148 1690 omnino
1187 1652 1387 1690 hominum
1425 1652 1549 1689 liceat
1581 1651 1690 1689 hanc
1729 1651 1928 1703 paginam

88 1726 228 1760 nostre
268 1721 555 1760 concessionis
595 1719 830 1774 infringere
868 1720 936 1758 uel
976 1721 1014 1758 ei
1055 1731 1160 1758 ausu
1199 1720 1420 1757 temerario
1461 1720 1684 1757 contraire.
1747 1718 1795 1759 Si
1836 1719 1927 1768 quis

90 1793 222 1828 autem
269 1789 348 1828 hoc
402 1792 645 1838 attemptare
701 1788 998 1838 presumpserit
1049 1787 1374 1839 indignationem
1423 1787 1709 1836 omnipotentis
1765 1785 1831 1824 dei
1886 1789 1928 1824 et

91 1856 300 1896 beatorum
334 1856 446 1894 Petri
488 1859 530 1894 et
562 1855 678 1894 Pauli
719 1855 994 1905 apostolorum
1037 1855 1126 1893 eius
1167 1865 1214 1892 se
1255 1855 1416 1892 nouerit
1457 1854 1726 1893 incursurum.
1776 1853 1927 1892 Datum

90 1923 292 1963 Laterani
322 1924 398 1963 Vl.
431 1923 529 1962 Idus
561 1923 743 1961 Ianuarii
771 1920 1036 1961 Pontificatus
1067 1922 1197 1961 nostri
1223 1933 1331 1960 anno
1369 1922 1554 1972 septimo.

396 2012 449 2044 Ex
473 2012 666 2054 originali
691 2010 871 2053 ejusdem
894 2012 1092 2042 monasterii.

925 2146 1095 2191 CCCII.

93 2242 209 2282 Idem
239 2243 556 2296 archiepiscopo
587 2243 834 2294 Moquntino
866 2242 1152 2293 episcopisque
1182 2242 1464 2293 stiffi-ayaneis
1495 2240 1676 2292 mandat,
1707 2243 1752 2280 ul
1780 2251 1928 2280 mona-

94 2312 262 2350 sterium
300 2311 624 2352 Welelzradense
661 2311 866 2350 adversus
896 2310 1119 2348 violatores
1159 2312 1196 2348 et
1225 2310 1443 2348 invasores
1475 2309 1710 2361 defendant.
1773 2310 1930 2349 Datum

556 2379 775 2429 Laterani,
807 2378 893 2416 ΙΙΙ.
925 2377 1030 2416 Idus
1061 2377 1277 2427 Januarii,
1317 2376 1466 2415 1261.

239 2444 507 2505 Alexander
539 2465 759 2514 episcopus
791 2473 941 2501 seruus
974 2472 1189 2500 seruorum
1228 2461 1307 2500 dei.
1369 2460 1695 2500 Venerabilibus
1733 2459 1930 2500 fratribus

99 2556 111 2568 .
141 2557 151 2568 .
182 2530 512 2583 Archiepiscopo
544 2531 798 2585 Maguntino
831 2533 873 2570 et
903 2530 993 2569 eius
1025 2528 1336 2584 Suffraganeis‚
1369 2540 1419 2568 ac
1451 2529 1612 2569 dilectis
1645 2527 1748 2583 filiis,
1781 2529 1930 2568 Abba-
