2155 2928
945 193 1049 232 259

80 335 181 377 tario
213 334 302 372 iure
333 331 499 371 uendidi
533 331 773 371 dominabus
813 333 865 372 de
898 332 1018 373 Cella.
1048 335 1190 371 sancte
1220 332 1361 372 Marie
1391 333 1435 371 in
1466 333 1662 382 Brumw,
1696 344 1747 372 ea
1779 339 1915 374 tamen

79 401 309 443 conditione
340 399 518 448 adiecta,
550 403 595 438 vt
626 400 808 452 singulis
840 402 974 452 annis7
1014 400 1176 451 quando
1210 411 1334 453 ager,
1368 401 1435 450 qui
1467 400 1520 439 ad
1554 401 1727 439 eandem
1760 404 1915 441 curiam

81 471 255 523 pertinet
284 467 465 507 totaliter
489 468 728 519 seminatur7
761 479 868 516 Vnus
893 468 1049 507 modius
1082 469 1364 518 cuiuscunque
1396 469 1537 521 grani,
1570 468 1622 506 ad
1658 469 1915 518 parrochiam

79 538 210 578 sancti
247 535 389 575 Iacobi
427 536 468 573 in
510 535 731 573 remedium
772 536 905 574 anime
944 547 1034 574 mee
1076 540 1118 574 et
1157 536 1502 586 predecessorum
1542 547 1721 575 meorum
1755 537 1914 587 absque

80 604 402 646 contradictione
441 602 625 653 qualibet
666 603 925 655 assignetur.
989 602 1091 643 Cum
1129 608 1263 642 autem
1296 615 1375 642 non
1414 601 1538 642 fuerit
1569 605 1794 643 seminatus
1834 616 1916 643 ex-

80 674 261 726 integro,
294 683 376 710 non
409 676 474 709 est
505 670 726 708 uoluntatis
760 675 801 709 et
833 672 1069 709 intentionis
1102 682 1206 723 mee7
1233 671 1339 722 quod
1373 671 1652 710 huiuscemodi
1685 672 1920 710 conditione

79 745 284 795 grauetur
314 739 448 789 aliquo
488 738 604 777 modo
638 736 757 778 Cella
797 739 990 788 superius
1024 740 1242 777 nominata.
1304 739 1351 777 In
1392 738 1512 778 liuius
1546 740 1606 778 rei
1647 741 1918 778 testimonium

79 811 313 859 presentem
343 806 530 845 cedulam
558 806 777 856 procuraui
811 806 952 858 sigillo
978 807 1123 844 ciuium
1157 807 1459 845 Brunnensium
1484 809 1731 846 communiri.
1766 808 1915 846 Datum

82 887 187 915 anno
219 875 367 914 domini
397 873 619 913 Millesimo
654 871 730 913 CC
763 873 801 912 L
834 873 952 912 vlll.
1014 874 1134 912 XIV.
1166 874 1261 912 Kal.
1295 874 1568 923 Septembris.

381 971 434 1003 Ex
458 971 655 1013 originali
678 972 709 1001 in
732 971 866 1002 archivo
890 969 927 1002 S.
950 970 983 1002 J.
1008 972 1243 1002 Brunensis.

875 1132 1115 1176 CCLxlx.

81 1236 309 1288 otakarus,
348 1236 540 1275 dominus
577 1237 699 1286 reynz‘
736 1236 958 1286 Boe‘mz‘ae,
1007 1236 1100 1274 dam·
1138 1236 1334 1275 Auso-iae
1371 1239 1410 1275 et
1447 1236 1635 1275 marchio
1677 1238 1912 1287 Norat-iae,

81 1305 293 1357 confirma(
334 1304 586 1343 decisionem
630 1305 713 1343 litis
762 1306 866 1343 inter
911 1305 1206 1342 monasterium
1255 1304 1565 1343 Tighowicense
1612 1308 1650 1343 ec
1697 1304 1910 1343 Albertam

78 1373 356 1424 praepositum
393 1372 444 1411 de
471 1373 576 1423 Jure
611 1375 856 1423 patronatus
896 1372 1097 1410 ecclesiae
1136 1384 1168 1409 s.
1210 1372 1332 1410 Petri
1369 1372 1556 1410 Brunae.
1620 1373 1692 1411 Dt.
1724 1373 1913 1423 Brzmae,

565 1440 613 1479 X
622 1440 689 1480 VI.
722 1439 944 1479 Kalendas
976 1439 1236 1490 Novembris,
1276 1439 1425 1479 1258.

221 1530 335 1592 Nos
374 1549 610 1589 Otacharus
650 1550 715 1588 dei
757 1551 899 1603 gratia
941 1550 1138 1588 Dominus
1178 1550 1321 1602 Regni
1362 1550 1546 1601 Boemie7
1588 1549 1688 1587 Dux
1730 1549 1917 1601 Austrie,

80 1618 284 1668 Marchyo
316 1618 524 1657 Morauie.
574 1618 797 1656 Vniuersis
833 1622 1066 1668 presentem
1101 1617 1298 1669 paginam
1331 1618 1580 1666 inspecturis
1612 1617 1795 1655 uolumus
1829 1618 1917 1655 fieri

82 1683 345 1738 manifestum,
386 1685 492 1736 quod
527 1696 615 1724 cum
656 1687 763 1724 inter
796 1686 1023 1738 religiosas
1063 1685 1246 1723 dominas
1286 1685 1550 1723 Abbatissam
1594 1689 1635 1722 et
1674 1691 1919 1723 conuentum

82 1751 132 1791 de
174 1752 474 1791 ruschenowiz
516 1764 571 1792 ex
609 1765 690 1792 una
732 1758 864 1804 parte⁷
911 1756 953 1792 et
995 1753 1192 1790 dominum
1231 1751 1444 1791 ,ubertum
1492 1756 1694 1790 rectorem
1736 1752 1920 1790 ecclesie

82 1821 212 1859 sancti
241 1820 364 1859 Petri
394 1821 437 1859 in
460 1821 643 1860 Brunna
676 1832 732 1860 ex
759 1821 892 1859 altera
927 1821 1087 1871 questio
1111 1824 1346 1858 verteretur
1378 1830 1505 1869 super
1531 1818 1690 1869 prefata
1722 1820 1919 1871 ecclesia⁷

81 1888 262 1938 partibus
293 1888 552 1941 litigantibus
583 1900 715 1940 usque
744 1900 927 1940 quaque3
960 1888 1130 1941 arbitrio
1166 1888 1342 1925 virorum
1376 1887 1606 1939 proborum,
1639 1887 1800 1925 scilicet
1826 1887 1920 1926 Ab-

82 1954 187 1995 batis
218 1955 448 2009 Scotorum,
475 1955 615 1996 fratris
649 1958 836 1996 Haberni
866 1958 1059 1995 minorum
1093 1954 1259 1993 fratrum
1287 1959 1327 1993 et
1359 1955 1549 2006 magistri
1584 1954 1790 1993 Gerhardi
1827 1955 1920 2004 ple-

82 2022 174 2063 bani
205 2024 485 2063 wiennensis
525 2036 573 2063 se
607 2025 816 2064 duxerunt
847 2024 1174 2063 submittendum.
1239 2022 1316 2070 Qui
1357 2026 1498 2072 vtpote
1533 2023 1610 2060 viri
1644 2022 1814 2060 discreti
1848 2034 1919 2060 ar-

83 2089 239 2130 bitrium
269 2093 345 2131 sub
381 2104 488 2142 pena
521 2091 569 2133 C.
602 2104 845 2145 marcarum⁷
887 2096 1004 2142 parte
1039 2093 1143 2141 parti
1177 2090 1467 2128 soluendarum
1500 2090 1709 2128 arbitrium
1743 2101 1920 2129 seruare

81 2158 232 2197 volenti
273 2160 600 2213 promulgarunt.
673 2160 846 2212 Taliter,
889 2159 995 2210 quod
1039 2159 1248 2208 predictus
1296 2158 1349 2195 A.
1394 2160 1531 2195 rector
1569 2157 1633 2195 ius
1678 2162 1920 2207 patronatus

83 2225 260 2265 ecclesie
301 2229 435 2267 sancti
476 2228 591 2267 Petri
631 2229 671 2267 in
711 2229 895 2279 Brunna,
939 2227 1045 2277 quod
1089 2227 1179 2264 olim
1219 2225 1403 2264 dominus
1443 2229 1485 2263 et
1517 2229 1636 2274 pater
1677 2229 1821 2263 noster
1855 2226 1920 2274 pie

83 2293 378 2334 recordationis
417 2296 673 2336 Venzeslaus
712 2296 809 2334 Rex
840 2295 1010 2334 Boemie
1043 2293 1211 2332 illustris
1249 2294 1544 2331 consenciente
1577 2297 1674 2331 tunc
1707 2294 1920 2346 episcopo,

82 2358 252 2410 prefatis
283 2363 514 2403 Abbatisse
553 2367 596 2403 et
635 2364 856 2402 conuentui
899 2361 1144 2413 contulerat7
1183 2361 1284 2410 ipsis
1325 2371 1644 2413 recognoscere
1685 2360 1837 2399 debeat
1880 2361 1921 2399 in

84 2427 239 2481 eadem⁷
271 2433 313 2469 et
344 2430 517 2469 eandem
549 2431 770 2470 ecclesiam
803 2429 853 2468 ad
889 2429 979 2467 dies
1011 2429 1095 2467 uite
1127 2439 1203 2466 sue
1243 2428 1456 2478 possideat
1490 2426 1662 2478 pacifice
1695 2430 1737 2466 et
1769 2429 1921 2479 quiete.

14 2486 27 2543 '-
84 2492 171 2532 Nos
204 2507 303 2535 vero
332 2499 471 2548 operis
501 2498 730 2538 huiusmodi
759 2497 924 2547 pietatis
950 2497 1241 2534 incrementum
1264 2495 1506 2548 diligentes7
1534 2500 1695 2534 ‹ri-atum
1722 2495 1921 2534 habemus

1531 2528 1559 2549 θ

84 2563 126 2599 et
156 2566 283 2603 ratum
315 2565 377 2604 ius
411 2570 668 2618 patronatus7
701 2565 807 2616 quod
843 2564 1052 2614 predictus
1085 2567 1204 2613 pater
1236 2571 1379 2602 noster
1411 2562 1584 2615 prefatis
1618 2563 1847 2602 Abbatisse
1881 2567 1922 2603 et

1605 2629 1714 2669 3321*
