2155 2928
1065 174 1172 215 412

193 336 426 378 facultatem
459 330 643 371 dedimus
680 320 906 365 redimendi
939 318 1071 357 ortum
1112 324 1206 353 cum
1239 310 1359 349 curia
1398 318 1423 346 a
1456 303 1636 347 Crisone
1674 300 1848 341 conciue
1890 301 2032 339 uestro

194 402 454 454 Lutouiensi7
494 398 723 437 inhibemus
762 390 880 430 uobis
915 397 989 436 per
1029 391 1208 434 presens
1247 378 1456 428 scriptum,
1498 384 1549 412 ne
1590 372 1803 423 quisquam
1837 365 2036 418 prefatum

195 474 439 526 magistrum
472 477 599 516 super
631 461 775 501 eadem
808 455 1011 506 emptione
1038 449 1191 489 audeat
1223 445 1421 496 impedire
1452 441 1520 481 uel
1545 437 1802 491 aliquomodo
1835 445 2039 489 grauare,

197 540 377 591 alioquin
417 534 610 575 offensam
649 532 828 569 nostram
870 533 919 562 se
959 519 1155 575 grauiter
1194 514 1359 555 nouerit
1396 512 1668 551 incursurum.
1730 505 1854 546 Anno
1896 502 2039 542 domini

198 603 510 650 MCCLXVH.

505 697 535 730 E
559 694 679 735 copia
700 689 881 731 simplici
903 687 935 718 in
956 685 1091 717 archivo
1114 681 1280 714 ecclesiae
1301 676 1498 720 parochialis
1522 672 1736 706 Litoviae.

1020 845 1224 889 CDV111.

202 965 422 1016 Suddlma,
463 961 608 1002 relicta
648 954 887 1005 Ludlsom‘s7
929 951 1036 991 ciuis
1080 945 1370 994 Une-⁹02·iensiS‚
1410 953 1487 981 con
1512 942 1575 979 ert
1611 937 1775 977 hortum
1813 936 1852 974 et
1881 933 2047 973 laneum

242 1044 442 1087 aqrorum
473 1031 518 1070 in
549 1027 683 1068 docem
714 1021 935 1075 hospitalis
967 1016 1224 1060 Litaviensis
1254 1015 1439 1067 fratrum
1470 1022 1504 1049 s.
1537 1007 1725 1060 Spiritus
1758 1003 1809 1043 de
1840 1001 2006 1044 Sassia.

1051 1083 1203 1126 1267.

345 1190 517 1253 Notum
557 1206 610 1245 sit
642 1202 829 1243 omnibus
869 1202 950 1239 tam
984 1194 1250 1248 presentibus
1291 1202 1410 1243 quam
1449 1186 1596 1227 futuris
1638 1193 1816 1236 presens
1855 1180 2049 1230 scriptum

206 1279 470 1332 inspecturis.
519 1273 638 1323 Quod
673 1282 759 1325 ego
787 1266 991 1310 Sudelma
1023 1265 1169 1303 relicta
1193 1259 1418 1302 Ludlfom‘s
1444 1256 1550 1295 ciuis
1583 1253 1634 1292 de
1661 1252 1830 1294 Unisow
1853 1250 1897 1287 in
1923 1247 2055 1287 dotem

207 1348 426 1401 hospitalis
448 1358 481 1383 3.
506 1342 695 1394 Spiritus
715 1339 898 1391 fratrum
924 1334 975 1373 de
999 1332 1153 1374 Sassia
1178 1331 1220 1369 z'n
1243 1329 1409 1367 ciuilale
1440 1321 1687 1364 buloniense·
1718 1332 1742 1358 a
1774 1316 2054 1359 Serenissimo

209 1418 367 1457 domino
401 1415 531 1466 Rege
565 1408 778 1450 Otacharo
818 1402 1024 1454 collocati,
1058 1404 1099 1439 et
1139 1400 1178 1437 in
1211 1394 1599 1436 consummationem
1633 1388 1817 1429 ecclesie
1849 1397 1883 1424 s.
1916 1382 2056 1424 Marie

209 1485 357 1525 ibidem
397 1483 555 1521 hortum
596 1480 694 1528 aput
740 1474 946 1513 ciuitatem
989 1470 1199 1519 antiquam
1238 1463 1539 1505 Lutouiensem
1587 1462 1629 1497 et
1667 1457 1828 1496 laneum
1861 1461 2057 1506 agrorum

211 1566 235 1593 a
269 1563 331 1591 me
364 1552 469 1590 iusto
504 1545 719 1597 emptionis
752 1542 865 1582 titulo
906 1538 1108 1590 aquisitos
1141 1546 1214 1586 pro
1246 1532 1493 1572 remissione
1533 1538 1712 1567 meorum
1745 1527 1787 1563 et
1818 1521 1949 1562 mariti
1982 1519 2058 1558 mei

212 1619 361 1672 prefati
395 1617 673 1669 peccaminum
716 1614 758 1650 et
792 1609 964 1649 omnium
997 1606 1217 1644 amicorum
1248 1605 1479 1640 nostrorum
1514 1595 1663 1635 contuli
1697 1594 1737 1632 in
1771 1602 1888 1631 euum
1922 1587 2058 1639 possi-

215 1688 387 1728 dendos.
436 1686 528 1724 Hec
561 1686 655 1722 acta
685 1682 780 1719 sunt
812 1679 850 1716 in
878 1674 1089 1726 presentia
1124 1671 1269 1710 iudicis
1303 1672 1345 1708 et
1369 1666 1630 1706 scabinorum
1663 1660 1849 1712 predicte
1882 1655 2059 1696 ciuitatis

216 1755 484 1796 Lutouiensis
517 1755 558 1791 et
590 1750 667 1789 sub
700 1747 843 1802 sigillo
877 1755 1017 1784 eorum
1058 1739 1309 1789 conscripta.
1371 1736 1496 1775 Anno
1530 1728 1828 1771 incarnationis
1861 1724 2060 1765 dominice

216 1824 436 1866 Millesimo
469 1819 651 1861 LXVII.

524 1918 555 1950 E
578 1917 699 1959 copia
721 1911 894 1954 simplici
917 1910 948 1942 in
971 1908 1106 1941 archivo
1130 1905 1242 1938 curiae
1265 1900 1546 1935 Litoviensis.
