2155 2928
1010 200 1314 207 ———7,.-.—.

242 302 323 338 tam
363 295 640 349 presentibus,
689 304 808 344 quam
846 287 993 329 futuris
1031 290 1179 325 tenore
1224 283 1477 335 presentium
1517 285 1806 336 protestamur,
1845 281 1952 334 quod
1992 294 2078 324 cum

244 366 499 405 conscientia
535 362 693 402 Domini
727 358 922 409 Episcopi
957 353 1258 404 olomucensis,
1299 355 1340 391 et
1380 352 1505 404 regie
1546 351 1794 404 magestatis
1835 348 1989 403 fauore,
2028 352 2079 392 ad

245 434 324 473 hec
357 431 640 472 nichilominus
674 429 724 467 de
757 425 914 464 comuni
948 421 1113 461 fratrum
1147 425 1377 459 nostrorum
1409 419 1582 458 consilio
1616 420 1773 470 pariter
1811 423 1853 457 et
1892 430 2080 474 assensu,
2148 444 2149 463 ³

246 505 445 555 egestate
478 501 676 552 cogente,
709 506 787 545 qua
821 493 961 531 doinus
996 494 1138 528 nostra
1163 487 1414 538 temporibus
1446 488 1616 526 caristie
1642 486 1919 539 premebatur,
1934 486 2080 528 Villam

247 580 326 620 que
368 569 541 618 Dywcw
583 563 817 617 vulgariter
855 559 1100 610 appellatur,
1143 556 1402 595 vendidimus
1449 554 1828 594 sanctimonialibus
1876 553 1927 592 de
1967 553 2082 595 Cella

247 638 388 675 sancte
420 635 559 674 Mario
597 633 639 670 in
678 631 858 669 Brutina
902 638 974 677 pro
1013 626 1191 676 pecunia
1230 623 1404 665 Centum
1442 623 1594 676 viginti
1634 634 1864 662 marcarum
1904 622 2081 675 argenti.

249 703 380 752 Qvam
420 701 632 753 pecuniam
672 697 901 746 recepimus
951 705 1005 732 ex
1044 694 1229 746 integro,
1271 693 1532 745 assignatam
1573 690 1692 730 nobis
1732 694 1774 730 et
1811 690 2083 731 creditoribus

247 771 400 810 nostris
433 780 488 808 ex
523 770 637 818 parte
671 765 799 815 ipsius
833 762 951 803 Celle
985 762 1178 811 superius
1211 761 1429 799 nominate.
1491 759 1581 798 Nos
1621 770 1784 810 quoque
1825 758 1877 797 de
1916 758 2084 798 consilio

248 838 436 878 nobilium
469 840 580 874 terre
614 833 748 871 villam
780 830 1059 881 supradictam
1093 840 1230 868 coram
1264 828 1413 867 iudicio
1446 827 1689 879 prouinciali
1723 828 1762 866 in
1790 826 1950 866 brunna
1977 826 2085 866 resi-

248 906 467 960 gnauimus
499 899 875 941 sanctimonialibus
915 897 1086 949 eisdem,
1126 896 1351 936 secundum
1392 896 1502 948 quod
1544 897 1659 934 racio
1701 896 1802 934 iuris
1843 894 2085 950 postulabat,

247 975 444 1024 perpetuo
487 968 789 1021 possidendam.
858 966 914 1007 Ut
953 967 1084 1019 igitur
1125 965 1204 1004 hec
1244 964 1451 1016 uendIcio,
1497 966 1577 1002 tam
1619 962 1930 1002 racionabiliter
1972 962 2086 1002 cele-

246 1041 380 1092 brata,
413 1043 518 1090 rata,
552 1035 663 1076 firma
690 1040 730 1074 et
758 1035 913 1074 illibata
947 1038 1188 1084 permaneat
1220 1044 1327 1071 nunc
1361 1036 1403 1071 et
1430 1033 1469 1071 in
1495 1042 1627 1084 euum,
1657 1035 1891 1081 presentem
1916 1030 2087 1070 litteram

246 1107 467 1159 conscribi,
500 1110 542 1145 et
564 1105 840 1154 conscriptam
873 1103 1015 1156 sigillo
1041 1100 1286 1142 Conuentus
1319 1101 1450 1140 nostri
1483 1103 1526 1138 et
1558 1103 1699 1138 nostro
1725 1099 1914 1137 duximus
1939 1096 2088 1137 confir-

247 1176 444 1215 mandam.
506 1174 640 1213 Huius
674 1174 734 1211 rei
767 1176 899 1210 testes
933 1175 1047 1210 sunt:
1081 1170 1307 1222 Iohannes,
1341 1169 1474 1207 abbas
1507 1168 1666 1207 Montis
1699 1167 1830 1218 Syon.
1893 1166 2089 1206 Dominus

248 1244 521 1295 Hartlilyuus,
555 1240 823 1282 Camerarius
855 1240 1064 1278 Morauie.
1127 1239 1329 1277 Dominus
1363 1237 1453 1276 Leo
1489 1236 1539 1275 de
1564 1235 1802 1288 Poleradiz,
1835 1238 1877 1274 et
1908 1234 2095 1274 dominus

248 1312 444 1353 Matlieus
478 1310 531 1350 de
564 1309 763 1360 Chobels,
797 1309 864 1360 qui
896 1313 993 1351 tunc
1026 1308 1222 1357 temporis
1256 1305 1499 1357 prouinciali
1533 1304 1682 1343 iudicio
1717 1303 1998 1354 presidebant.
2037 1301 2090 1342 Et

249 1381 447 1420 Dominus
466 1379 601 1431 Steto,
625 1382 666 1416 et
687 1377 839 1416 Petrus
864 1377 1057 1427 scriptor,
1082 1379 1122 1413 et
1146 1373 1407 1413 DrosslinuS.
1456 1371 1587 1413 Ciues
1612 1373 1782 1422 insuper
1801 1372 2090 1410 Brunnenses:

248 1448 505 1498 Hei-thinius,
538 1446 787 1498 SvellariuS,
820 1444 1053 1496 PerslinuS,
1092 1443 1244 1496 Rvdlo,
1278 1441 1716 1492 Drozendorpharius,
1749 1439 1914 1493 Kepho,
1954 1442 1996 1478 et
2026 1438 2090 1478 alii

251 1528 367 1568 quam
402 1516 553 1566 plures.
616 1515 764 1554 Actum
796 1514 921 1553 Anno
956 1512 1118 1551 Domini
1152 1511 1211 1550 M.
1245 1508 1336 1551 CC.
1368 1510 1509 1550 LXII.
1569 1509 1720 1549 Datum
1748 1509 1788 1547 in
1810 1507 2090 1548 Zabirdowiz.
2146 1513 2148 1544 l

252 1585 324 1624 111.
355 1584 571 1624 Kalendas
606 1582 811 1623 Octobris.

558 1682 611 1714 Ex
635 1678 828 1722 originali
852 1681 883 1711 in
907 1679 1042 1711 archivo
1066 1677 1104 1711 S.
1126 1678 1159 1711 J.
1184 1677 1427 1709 Brunensis.

1020 1843 1322 1887 CCCXLVII.

255 1950 418 1998 Bruno,
450 1951 671 2002 episcopus
699 1948 1004 1997 olomucensis,
1037 1947 1208 1987 eandem
1240 1947 1455 1985 emtionem
1488 1945 1613 1984 villae
1648 1941 1806 1983 Diwa'lc
1836 1942 1914 1981 rite
1942 1941 2095 1994 factam

407 2021 669 2070 protestatur.
730 2018 821 2057 Ace.
853 2018 897 2056 in
929 2015 1136 2067 modi-icc,
1170 2015 1256 2054 ΙΙΙ.
1290 2013 1513 2054 Kalendas
1548 2012 1754 2063 Octobris,
1796 2010 1947 2049 1262.

401 2110 481 2170 Vt
513 2140 577 2182 ea,
611 2140 690 2180 que
723 2140 862 2167 coram
895 2127 1016 2167 nobis
1049 2128 1156 2166 iuste
1189 2136 1239 2165 ac
1273 2124 1573 2164 rationabiliter
1606 2121 1716 2175 fiunt,
1749 2125 1988 2172 perpetuam
2021 2119 2097 2159 ha·
2142 2138 2146 2150 ·

259 2196 385 2236 beant
416 2195 654 2250 firmitatem,
687 2201 729 2236 et
761 2209 784 2235 a
819 2197 978 2235 nemine
1008 2197 1258 2245 inposterum
1293 2204 1368 2244 per
1391 2193 1657 2241 calumpniam
1691 2190 1860 2229 ualeant
1890 2186 2096 2228 inmutari:

258 2264 353 2302 hinc
387 2268 464 2317 est,
490 2265 595 2315 quod
621 2277 696 2304 nos
724 2265 869 2317 bruno,
896 2265 961 2303 dei
990 2265 1141 2317 gracia
1168 2262 1457 2303 olomucensis
1485 2260 1667 2299 ecclesie
1692 2260 1930 2309 episcopus,
1955 2260 2098 2296 tenore

261 2334 507 2381 presentium
541 2335 900 2386 recognoscimus,
941 2336 983 2371 et
1014 2336 1211 2370 constare
1253 2331 1441 2369 volumus
1473 2329 1685 2368 vniuersis
1726 2326 1881 2367 Christi
1915 2323 2102 2364 fidelibus

261 2403 339 2437 tam
374 2402 634 2448 presentibus
660 2413 778 2451 quam
810 2399 970 2453 suturis,
996 2399 1117 2453 quod,
1150 2411 1240 2438 cum
1264 2398 1402 2437 inedia
1428 2398 1654 2450 ingruente
1685 2394 1837 2434 fratres
1867 2389 2098 2432 monasterii

263 2466 418 2505 Sancte
457 2470 580 2507 marie
621 2470 800 2522 virginis
849 2471 887 2507 in
929 2468 1200 2508 Zabe1·d01·iz
1240 2466 1565 2506 necessitatibus
1610 2466 1915 2514 occuparentur
1960 2470 2099 2512 quam-

265 2533 458 2587 plurimiS,
482 2535 629 2575 debitis
647 2537 851 2588 aliquibus
877 2537 1066 2591 obligati,
1095 2535 1393 2585 Theodericus,
1417 2537 1514 2573 tunc
1537 2533 1733 2583 temporis
1760 2530 1893 2570 abbas
1916 2527 2094 2568 eiusdem
