2155 2928
923 168 1024 217 381

54 312 278 366 Iohannes,
316 311 383 352 dei
422 312 622 363 patientia
663 313 798 352 abbas
841 315 1024 354 ecclesie
1055 316 1211 355 Montis
1243 315 1376 370 Syon,
1408 329 1496 357 cum
1529 321 1694 375 collega
1734 327 1888 379 nostro,

55 381 212 422 domino
253 380 533 433 Theodorico,
573 381 727 420 abbate
768 382 967 435 Lucensi,
1008 384 1272 423 uisitaremus
1315 385 1535 424 ecclesiam
1578 387 1888 442 Gradicensem,

53 453 232 490 nostram
277 446 398 486 filiam
445 448 683 502 specialem,
731 450 979 488 auctoritate
1020 449 1159 489 domus
1191 452 1592 493 Premonstratensis
1640 460 1680 494 et
1727 460 1890 508 capituli

52 516 285 571 generalis,
317 516 359 554 in
392 515 645 566 plenitudine
679 517 897 567 potestatis
929 522 1095 570 gratam
1129 522 1169 557 et
1201 524 1329 559 ratam
1363 520 1591 573 habuimus,
1625 528 1666 561 et
1698 524 1746 562 ad
1782 526 1890 574 peti-

52 584 200 624 tionem
239 583 508 637 uenerabilis,
548 588 590 623 et
629 584 670 623 in
710 583 879 624 Christo
926 585 1064 624 dilecti
1105 584 1259 640 fratris,
1307 588 1455 627 domini
1494 589 1679 640 Robertae’,
1729 591 1890 631 abbatis

52 652 144 706 loci,
182 652 429 691 auctoritate
469 652 640 705 ordinis,
683 664 763 703 qua
801 656 898 691 tunc
940 651 1231 708 fungebamur,
1279 667 1330 694 ac
1376 658 1495 695 etiam
1536 662 1678 696 nostra
1719 663 1891 708 paterna

53 718 374 760 confirmauimus
408 719 719 772 ordinationem,
761 732 878 771 quam
912 720 964 759 de
998 732 1206 761 consensu
1240 727 1280 762 et
1312 724 1417 762 bona
1451 725 1660 764 uoluntate
1693 727 1755 764 sui
1789 738 1892 765 con-

53 792 200 828 uentus
222 788 274 827 de
297 787 392 827 uilla
411 788 690 838 Bystrocze‘cz
714 788 879 838 pietatis
902 789 1044 828 intuitu
1066 790 1268 830 ordinauit
1290 793 1328 830 in
1354 792 1461 830 bunc
1486 793 1660 845 modum,
1684 794 1891 848 uidelicet,

53 856 157 908 quod
192 855 243 895 de
275 857 366 906 ipsa
399 856 510 908 uilla,
550 866 669 907 quam
708 856 814 895 idem
856 857 990 896 abbas
1031 859 1123 897 emit
1162 858 1213 897 de
1254 860 1428 910 pecunia
1462 858 1601 899 fratris
1633 863 1710 913 sui,
1744 862 1890 901 domini

52 924 183 964 'l'obie
221 924 330 963 bone
369 925 576 977 memorie,
619 923 822 974 quondam
861 926 1058 976 prepositi
1099 927 1350 980 Pragensis,
1391 932 1432 967 et
1469 929 1678 981 Benessii,
1717 930 1891 983 cognati

52 993 129 1046 sui,
154 996 203 1031 et
234 1003 353 1043 quam
387 992 576 1031 custodie
609 993 862 1045 assignauit,
902 998 1043 1031 custos
1075 994 1206 1033 lumen
1240 995 1467 1048 prouideat,
1502 996 1607 1046 quod
1641 1007 1805 1046 semper
1838 996 1890 1036 de

51 1060 239 1101 noctibus
278 1061 318 1100 in
357 1061 582 1099 cemeterio
615 1060 778 1114 ardeat,
819 1072 870 1099 ac
911 1063 1031 1100 etiam
1064 1062 1115 1101 de
1150 1063 1415 1113 prouentibus
1449 1063 1557 1102 dicte
1591 1064 1684 1103 uille
1718 1063 1889 1103 officium

51 1128 251 1182 custodie,
293 1129 333 1167 in
376 1132 567 1179 quantum
609 1129 773 1182 poterit,
814 1133 1068 1182 promoueat,
1118 1134 1158 1169 et
1198 1130 1398 1183 emendet,
1448 1135 1489 1170 et
1528 1131 1655 1170 semel
1700 1132 1738 1170 in
1779 1142 1888 1170 auno

53 1196 332 1247 sollempniter
374 1195 442 1236 fiat
482 1209 506 1236 a
549 1201 756 1236 conuentu
797 1198 988 1236 memoria
1029 1198 1247 1251 generalis
1287 1199 1362 1237 iam
1402 1198 1598 1236 dictorum
1640 1202 1680 1238 et
1719 1199 1890 1237 omnium

54 1265 222 1304 aliorum
256 1269 469 1315 parentum
503 1268 544 1304 et
568 1264 785 1304 charorum
819 1265 914 1303 dicti
940 1265 1116 1318 abbatis,
1149 1270 1190 1304 et
1215 1270 1355 1304 custos
1388 1267 1427 1304 in
1454 1266 1600 1304 solatio
1635 1264 1888 1318 resectioniS,

56 1336 175 1384 prout
205 1333 348 1372 melius
382 1336 543 1385 poterit,
576 1331 772 1372 fratribus
807 1334 1022 1384 prouideat
1054 1335 1142 1384 ipso
1186 1333 1264 1372 die.
1310 1334 1367 1375 Ut
1399 1338 1530 1372 autem
1564 1333 1641 1371 lieo
1676 1334 1741 1383 pia
1775 1333 1889 1372 ordi-

55 1402 163 1441 natio
198 1411 272 1452 per
304 1402 499 1451 temporis
532 1413 772 1452 processum
807 1403 845 1440 in
881 1408 1117 1452 perpetuum
1151 1402 1190 1440 in
1222 1413 1294 1440 suo
1328 1402 1479 1454 uigore
1513 1401 1756 1439 inuiolabilis
1790 1412 1889 1450 per-

54 1473 235 1522 seueret,
272 1474 452 1508 nostrum
485 1470 666 1523 sigillum
700 1474 740 1508 et
766 1470 861 1508 dicti
895 1470 1063 1523 college
1090 1471 1216 1507 nostri
1244 1482 1321 1508 una
1349 1481 1435 1507 cum
1461 1469 1613 1521 sigillis
1640 1467 1888 1518 prefatorum

55 1537 217 1576 abbatis
252 1540 293 1575 et
325 1542 556 1577 conuentus
589 1538 855 1589 presentibus
888 1542 953 1577 est
986 1549 1221 1589 appensum.
1286 1537 1431 1576 Actum
1469 1547 1575 1575 anno
1617 1540 1658 1575 et
1691 1535 1756 1575 die
1789 1547 1889 1586 pre-

55 1602 149 1645 fatis
181 1605 221 1645 in
254 1605 422 1646 Gradis.

360 1703 416 1736 Ex
437 1703 655 1736 Annalibus
679 1703 1003 1736 Gradicensibus
1027 1703 1135 1735 MSS.

814 1867 888 1910 CC
895 1868 1135 1909 CLXXIX.

53 1969 215 2024 Bruno,
240 1972 460 2023 episcopus
488 1971 791 2022 olomucensis,
822 1972 965 2012 l'lrieo
994 1971 1102 2009 laico
1127 1969 1268 2007 villam
1298 1965 1645 2017 Hermann-edors
1669 1965 1889 2004 locandam

310 2038 509 2078 concedit.
573 2041 645 2078 De.
678 2040 721 2078 in
753 2042 891 2077 castro
924 2039 1093 2090 ,HJJ-ow,
1127 2036 1192 2075 die
1222 2036 1298 2073 26.
1331 2036 1452 2086 quje',
1493 2034 1641 2072 1266.

195 2129 359 2189 Bruno
412 2149 478 2188 dei
528 2150 669 2203 gratia
718 2149 940 2200 episcopus
987 2146 1271 2185 olomucensis.
1336 2144 1530 2184 Omnibus
1576 2143 1682 2181 hanc
1731 2142 1890 2180 literam

55 2213 303 2266 inspecturis
351 2221 392 2256 et
432 2218 633 2256 audituris
683 2217 721 2255 in
763 2221 1015 2267 perpetuum.
1079 2213 1275 2261 Quoniam
1326 2223 1397 2263 ea,
1449 2222 1527 2262 que
1570 2214 1775 2264 geruntur
1813 2210 1890 2248 sub

58 2285 250 2338 tempore,
283 2286 435 2325 crebro
469 2297 557 2324 cum
591 2286 770 2324 decursu
803 2284 996 2334 temporis
1025 2284 1295 2331 euanescunt,
1329 2270 1489 2317 ratione
1522 2278 1691 2329 prouida
1723 2277 1891 2327 scriptis

56 2353 274 2392 autenticis
313 2358 574 2393 annotantur.
637 2352 820 2392 Proinde
853 2350 1101 2401 presentium
1141 2349 1404 2387 annotatione
1437 2353 1515 2385 tam
1548 2346 1741 2398 posteris,
1775 2356 1892 2396 quam

56 2419 260 2459 modernis
292 2423 476 2473 cupimus
510 2432 608 2460 esse
641 2425 794 2460 notum:
858 2417 976 2466 Quod
1016 2417 1157 2456 Wrico
1189 2416 1293 2453 laico
1327 2415 1460 2454 villam
1494 2415 1533 2452 in
1568 2412 1901 2463 Hermansdorff

56 2485 275 2527 locandum
301 2489 499 2543 dedimus,
524 2491 686 2540 ipsique
710 2487 949 2526 contulimus
974 2484 1160 2523 iudicium
1185 2483 1291 2521 dicte
1315 2483 1424 2533 ville,
1453 2483 1506 2520 ita
1539 2481 1642 2532 quod
1678 2480 1892 2518 locationis

57 2554 145 2595 iure
177 2557 255 2596 sibi
297 2557 481 2598 decimus
513 2568 680 2597 mansus
721 2555 856 2595 cedat.
918 2554 1020 2593 Item
1059 2552 1219 2591 tertium
1253 2551 1304 2590 de
1345 2550 1493 2590 iudicio
1527 2549 1727 2600 percipiat
1760 2547 1893 2587 dena-
