2155 2928
1104 188 1212 229 260

236 338 456 377 conuentui
490 336 542 375 de
574 334 882 375 'ruschenowiz
914 330 1139 370 contulisse
1172 328 1413 382 dinoscitur,
1446 327 1549 378 ipsis
1583 329 1942 382 recognoscimus,
1973 342 2072 381 pre-

237 406 424 445 sentibus
465 405 613 443 litteris
661 403 922 441 declarantes
969 402 1009 437 et
1051 400 1256 449 petentes⁷
1303 396 1411 447 quod
1459 397 1716 435 venerabilis
1761 400 1880 447 pater
1919 399 2071 453 Bruno‚

237 473 523 513 olomuzensis
558 472 778 521 episcopus
819 467 1015 518 predictis
1049 464 1429 503 sanctimonialibus
1469 465 1532 502 ius
1574 468 1815 514 patronatus
1848 464 2072 506 huiusmodi

237 541 390 580 debeat
422 538 675 578 confirmare.
739 537 783 574 In
817 536 933 572 cuius
967 534 1027 571 rei
1060 533 1331 571 testimonium
1364 535 1602 582 presentem
1635 533 1832 586 paginam
1865 534 2071 573 conscribi

238 607 409 647 fecimus
442 618 492 645 ac
525 607 677 645 nostris
709 603 862 656 sigillis
902 600 1167 650 presentibus
1201 600 1452 638 communiri.
1513 600 1649 639 Huius
1690 601 1810 639 etiam
1848 601 1910 639 rei
1942 604 2071 640 testes

237 680 353 715 sunt:
395 673 544 715 Comes
579 673 671 712 Otto
705 671 755 709 de
789 668 1029 708 Hardekke.
1072 667 1165 707 Otto
1199 667 1250 706 de
1281 667 1479 706 Misowe.
1517 668 1727 706 Benisius.
1767 666 1990 708 Cunradus
2021 668 2071 708 de

244 743 513 795 Zechingen.
546 742 686 779 Ienzo.
719 737 901 776 fladinar
935 736 986 774 de
1019 735 1333 774 Lihtenwerde.
1366 734 1512 775 Cuono
1545 735 1820 775 marskalkus.
1853 734 2072 775 Cunradus

242 811 293 849 de
327 811 535 858 llimperc.
569 809 765 846 Besneto.
798 804 1016 843 Kadoldus
1050 803 1274 854 orphanus.
1307 803 1434 843 Smilo
1469 803 1520 842 de
1553 803 1728 842 Bilkow.
1762 803 1950 842 Nobiles.
1984 803 2072 842 Do-

238 878 367 915 minus
400 874 644 914 Herbordus
672 873 857 911 decanus
891 871 1190 910 Olomuzensis.
1221 870 1481 910 Gaudentius
1514 874 1556 909 et
1579 870 1808 910 Nicholaus
1841 871 2073 921 presbyteri

237 945 364 983 nostri
399 942 613 992 capellani.
660 942 809 979 Actum
833 940 1005 978 Brunne
1032 938 1265 978 indiccione
1291 939 1391 978 XV.
1423 939 1542 978 XVI.
1568 938 1787 979 Kalendas
1813 939 2072 995 Nouembris,

237 1023 345 1050 anno
379 1010 522 1048 domini
555 1007 721 1048 MCCL
754 1012 916 1046 octauo.

541 1106 593 1137 Ex
617 1105 812 1146 originali
836 1103 1017 1146 ejusdcm
1040 1106 1237 1138 monasterii.

1043 1268 1261 1311 CCLxx.

239 1373 356 1412 Idem
394 1372 536 1411 decisa
575 1373 643 1411 lite
675 1371 817 1411 eadem
845 1372 924 1423 jus
960 1374 1208 1424 patronatus
1248 1372 1450 1411 ecclesiae
1488 1384 1522 1411 s.
1561 1372 1684 1411 Petra·
1720 1373 1898 1411 Brumae
1928 1383 2073 1412 mona-

268 1442 392 1480 sterio
428 1440 732 1479 Tisieowicensc'
764 1440 991 1492 confirmat.
1047 1441 1119 1480 Dl,
1154 1441 1342 1491 Brunae,
1375 1440 1422 1479 X
1430 1440 1498 1479 ΓΙ.
1532 1440 1755 1479 Kalendas
1785 1440 2044 1493 Novembris,

1081 1507 1233 1548 1258.

402 1599 462 1659 In
495 1618 670 1656 nomine.
703 1621 861 1656 sancte.
895 1622 936 1657 et
967 1618 1189 1657 indiuidue.
1216 1618 1423 1657 trinitatis.
1456 1628 1587 1657 amen.
1630 1618 1719 1657 Nos
1755 1617 1976 1658 otakarus.
2009 1617 2074 1659 dei
2144 1666 2145 1670 Ἰ

233 1686 372 1739 gratia
415 1686 598 1724 dominus
636 1686 782 1739 Regni
824 1686 1006 1724 Boemie.
1048 1686 1147 1724 Dux
1181 1687 1365 1725 Austrie.
1398 1690 1439 1725 et
1471 1685 1664 1726 Mai-chio
1698 1686 1904 1726 Morauie.
1965 1686 2074 1726 Vni·
2144 1700 2145 1703 ¹

233 1755 368 1792 uersis
403 1758 636 1804 presentem
677 1755 874 1807 paginam
908 1754 1159 1804 inspecturis
1198 1754 1370 1793 salutem
1405 1757 1446 1793 et
1477 1754 1640 1792 ueritati
1673 1754 1945 1793 testimonium
1976 1765 2074 1805 per-

235 1821 394 1859 hibere.
444 1822 661 1863 Exliibere
694 1833 770 1860 nos
795 1820 943 1860 faciles
976 1822 1026 1860 ad
1053 1833 1102 1860 ea
1135 1826 1335 1875 tenemur7
1369 1832 1449 1872 que
1475 1833 1551 1871 per
1584 1833 1660 1860 nos
1685 1822 1752 1860 uel
1778 1822 2073 1876 progenitores
2142 1826 2144 1867 J

234 1893 398 1927 nostros
432 1887 528 1928 fiunt
553 1893 622 1928 aut
653 1888 764 1928 facta
799 1888 928 1929 fuisse
953 1890 1063 1929 licite
1097 1890 1414 1943 dignoscuntur,
1441 1890 1546 1941 quod
1581 1891 1876 1940 scripturarum
1909 1893 2073 1929 nostra·
2142 1920 2143 1925 ,

236 1968 320 1994 rum
355 1957 534 1996 debeant
567 1958 818 1996 amminiculo
853 1957 1074 2011 declarari,
1108 1960 1340 2010 presertim,
1374 1969 1463 1996 cum
1495 1970 1576 1996 non
1610 1969 1686 2008 per
1717 1958 1974 2010 obliuionem,
2006 1959 2074 1997 aut
2142 1967 2143 1986 ³

236 2025 500 2074 calumpniam
540 2025 714 2064 alicuius
753 2037 824 2065 res
866 2030 995 2079 geste
1042 2026 1298 2077 dispendium
1338 2026 1517 2064 suboriri
1566 2025 1718 2064 debeat
1757 2025 1984 2064 huiusmodi
2022 2025 2074 2064 sit

237 2093 425 2130 remediis
454 2093 761 2132 consulendum.
811 2092 912 2134 Cum
946 2094 1076 2147 igitur
1103 2094 1211 2135 inter
1244 2094 1418 2132 dilectas
1446 2094 1565 2132 nobis
1588 2094 1857 2132 Abbatissam
1891 2097 1932 2132 et
1958 2091 2072 2132 Con-

237 2164 398 2197 uentum
442 2161 636 2199 Ecclesie
682 2161 734 2200 de
778 2161 1081 2200 Tusclzenowiz
1123 2173 1178 2200 ex
1216 2173 1297 2200 una
1338 2164 1471 2214 parte,
1521 2165 1563 2200 et
1600 2160 1812 2200 Alberlum
1850 2161 2072 2200 Rectorem
2139 2189 2141 2203 ,

237 2227 430 2265 Ecclesie
463 2228 612 2268 Sancti
639 2229 761 2268 Petri
791 2230 835 2268 in
858 2230 1038 2268 Brunmz
1070 2241 1126 2268 ex
1149 2230 1282 2268 altera
1315 2241 1452 2268 coram
1485 2229 1717 2268 venerabili
1751 2232 1869 2279 patre
1901 2229 2073 2267 Domino
2137 2224 2141 2237 '

238 2294 431 2333 Brunone
465 2296 750 2335 Olomuzensis
776 2297 972 2336 Ecclesie
1006 2298 1215 2348 Episcopo
1240 2298 1400 2348 questio
1434 2300 1673 2336 verteretur
1704 2307 1832 2346 super
1865 2307 1914 2335 eo
1954 2295 2072 2335 vide·
2137 2291 2139 2343 j

236 2361 345 2413 licet7
386 2363 489 2412 quod
533 2365 718 2413 predicte
757 2365 987 2404 Abbatissa
1030 2369 1072 2404 et
1111 2363 1357 2405 Conuentus
1399 2365 1661 2417 asserebant,
1701 2364 1807 2415 quod
1851 2363 2071 2403 secundum
2136 2394 2138 2400 .

240 2429 343 2476 quod
384 2431 449 2478 pie
483 2432 786 2471 recordationis
820 2433 1019 2471 Dominus
1059 2436 1101 2471 et
1133 2433 1262 2471 Pater
1301 2435 1445 2471 noster
1484 2432 1739 2472 Venzeslaus
1777 2432 1875 2470 Rex
1907 2431 2071 2470 Boemie

242 2494 330 2531 olim
371 2496 544 2535 illustris
586 2500 648 2537 ius
688 2504 942 2553 patronatus,
976 2500 1082 2550 quod
1124 2501 1165 2538 in
1198 2501 1289 2551 ipsa
1328 2500 1526 2539 Ecclesia
1566 2499 1749 2538 habebat
1787 2500 2070 2538 consentiente

244 2560 466 2616 ordinario,
499 2565 619 2613 pleno
660 2567 760 2617 ipsis
794 2568 882 2607 iure
922 2568 1167 2622 contulerat,
1207 2569 1334 2619 ipsam
1374 2568 1609 2607 Ecclesiam
1650 2567 1783 2606 dictus
1815 2567 1883 2606 Al.
1916 2567 2071 2606 Rector
