2155 2928
941 170 1041 211 231

76 314 256 357 ecclesie
287 313 591 353 Lateranensis
624 323 793 352 censum
824 312 954 362 ipsum
986 323 1075 350 cum
1107 309 1358 361 supradictis
1389 310 1592 363 magistro
1633 312 1675 348 et
1713 308 1910 349 fratribus

77 396 149 437 pro
183 382 422 435 quibusdam
455 382 591 420 vineis
623 382 714 419 sitis
747 392 876 430 prope
908 380 1064 421 Urbem
1095 383 1190 419 tunc
1223 379 1276 417 ad
1308 390 1381 417 eos
1404 378 1688 428 spectantibus
1711 382 1910 427 perpetuo

78 454 379 504 permutarunt:
426 460 503 488 nos
553 449 774 487 eorundem
822 449 1014 501 magistri
1059 451 1100 487 et
1144 445 1314 486 fratrum
1360 457 1409 485 ac
1456 445 1694 484 dilectorum
1744 443 1912 483 filiorum

78 519 225 572 prioris
259 522 300 556 et
331 517 495 567 capituli
530 516 712 555 eiusdem
752 516 935 555 ecclesie
967 516 1270 554 Lateranensis
1311 513 1678 564 suppIIcationibus
1717 512 1913 564 inclinati7

80 586 185 639 quod
216 596 342 635 super
374 584 587 635 premissis
619 582 769 622 factum
802 586 866 622 est
900 588 1028 623 ratum
1062 588 1103 623 et
1135 581 1283 622 firmum
1323 582 1549 635 habentes7
1589 581 1628 619 id
1669 581 1913 619 auctoritate

80 653 306 705 apostolica
348 652 400 691 de
440 655 556 690 certa
603 652 779 690 scientia
829 650 1111 690 confirmamus
1151 655 1192 690 et
1242 651 1450 701 presentis
1496 650 1638 699 scripti
1685 648 1913 698 patrocinio

82 721 377 762 communimus.
419 719 605 770 Ideoque
637 718 888 770 mandamus7
921 723 1123 769 quatenus
1156 719 1288 757 dictos
1320 719 1563 771 magistrum
1603 720 1645 755 et
1682 714 1835 754 fratres
1874 715 1916 753 in

81 789 348 843 possessione
387 789 518 838 ipsius
558 787 741 826 ecclesie
781 786 833 824 de
874 787 1081 837 Niplawiz
1121 799 1210 825 cum
1248 786 1404 824 iuribus
1452 789 1492 824 et
1530 785 1789 835 pertinentiis
1829 784 1916 821 suis

83 868 159 910 per
189 859 230 896 te
263 855 331 895 vel
363 855 481 894 alium
516 855 761 894 auctoritate
794 858 937 892 nostra
969 855 1141 894 inducas
1181 858 1222 893 et
1261 852 1462 893 defendas
1501 853 1706 905 inductos⁷
1745 854 1917 890 contra-

86 925 265 965 dictores
304 924 551 962 auctoritate
590 926 735 961 nostra
773 922 1049 972 appellatione
1089 923 1316 973 postposita
1355 920 1679 973 compescendo„
1718 931 1799 958 non
1840 918 1917 957 ob-

87 992 222 1032 stante
254 991 391 1042 aliqua
424 991 684 1044 indulgentia
718 989 844 1029 Sedis·
878 990 1123 1043 apostolice7
1164 1001 1238 1039 per
1271 1001 1387 1039 quam
1426 988 1603 1027 mandati
1644 988 1772 1026 nostri
1811 997 1918 1025 exe-

87 1060 264 1113 cutio—in
295 1059 375 1098 hac
400 1062 520 1109 parte
546 1059 684 1098 valeat
716 1057 913 1108 impediri.
954 1057 1106 1097 Datum
1129 1057 1330 1097 Laterani
1351 1058 1425 1096 111.
1449 1056 1665 1096 Kalendas
1689 1054 1919 1095 Februarii.

86 1125 351 1168 pontificatus
383 1128 512 1167 nostri
545 1138 653 1166 anno
685 1126 822 1165 tertio.

390 1224 547 1257 Ibidem
569 1243 612 1248 —
635 1223 773 1266 epistola
796 1222 859 1255 75.

886 1385 1090 1430 CCXLV
1093 1388 1124 1428 1.

93 1491 208 1531 Idem
245 1503 385 1542 reyem
421 1492 624 1532 Boiimiae
664 1492 874 1541 admonet,
916 1497 962 1533 ut
999 1490 1164 1529 eosdem
1202 1491 1361 1542 fratres
1400 1491 1443 1527 in
1482 1488 1623 1526 eadem
1659 1487 1925 1538 possessione

357 1560 564 1613 defendat.
628 1564 700 1602 Dt.
732 1564 950 1615 Laterani,
983 1563 1069 1602 ΙΙΙ.
1103 1560 1204 1600 Kal.
1237 1557 1479 1607 Februarii,
1519 1554 1668 1595 1257.

226 1657 495 1718 Alexander
527 1673 749 1724 episcopus
783 1685 934 1713 seruus
966 1683 1180 1713 seruorum
1212 1669 1291 1708 dei.
1338 1667 1491 1706 Illustri
1524 1694 1533 1704 .
1566 1694 1576 1704 .
1607 1665 1726 1717 Regi
1757 1664 1926 1703 Boemie

96 1741 263 1783 salutem
295 1742 336 1778 et
367 1742 634 1793 apostolicam
665 1741 1008 1781 benedictionem.
1063 1739 1217 1779 Relatu
1256 1735 1467 1788 fidedigno
1502 1734 1781 1785 percepimus,
1819 1731 1926 1783 quod

96 1821 183 1850 cum
229 1810 484 1851 venerabilis
530 1808 662 1848 frater
708 1813 852 1849 noster
900 1839 910 1848 .
957 1838 966 1848 .
1010 1808 1232 1859 episcopus
1281 1802 1566 1843 olomucensis
1613 1801 1832 1839 ecclesiam
1876 1799 1927 1838 de

97 1878 304 1931 Niplawz‘z
352 1889 427 1919 sue
470 1878 650 1917 diocesis
690 1882 859 1929 propter
897 1877 1085 1917 malitiam
1126 1883 1396 1925 personarum
1436 1870 1490 1908 ibi
1530 1869 1768 1921 degentium
1815 1869 1931 1906 esset

100 1947 287 2000 grauiter
312 1945 539 1986 deformata
569 1946 694 1997 (sic),
715 1947 806 1996 ipse
833 1946 939 1984 illam
964 1945 1015 1984 de
1040 1943 1149 1995 (sic)
1168 1941 1327 1980 dilectis
1356 1937 1445 1977 filiis
1471 1936 1676 1989 fratribus
1694 1935 1930 1986 Hospitalis

98 2012 148 2054 S.
191 2015 331 2053 Mar-ie
380 2014 700 2053 Teutonicorum
744 2013 1081 2065 lerosolymilam‘
1128 2009 1372 2048 auctoritate
1425 2005 1632 2044 ordinaria
1679 2002 1928 2042 reformauit.

99 2080 356 2120 Postmodum
387 2086 521 2121 autem
553 2081 691 2121 dilecti
724 2080 789 2120 filii
823 2110 833 2120 .
866 2111 876 2120 .
916 2082 1027 2132 prior
1065 2082 1106 2118 et
1144 2076 1362 2127 capitulum
1401 2073 1703 2113 Lateranensis
1746 2071 1929 2109 ecclesie

102 2158 273 2188 annuum
305 2161 471 2189 censum
495 2150 617 2188 unius
642 2147 817 2188 fei-tonis
839 2148 1023 2202 argenti,
1048 2157 1165 2197 quem
1190 2145 1229 2182 in
1255 2141 1415 2193 prefata
1441 2141 1622 2180 ecclesia
1648 2139 1699 2178 de
1724 2139 1930 2188 Niplawiz

100 2213 328 2269 habebant,
375 2228 464 2256 cum
507 2217 627 2256 dictis
669 2217 884 2270 Magistro
934 2219 975 2254 et
1020 2212 1218 2252 fratribus
1261 2222 1333 2261 pro
1373 2208 1615 2260 quibusdam
1657 2208 1793 2246 vineis
1839 2206 1930 2244 sitis

101 2293 228 2333 prope
258 2284 411 2325 Urbem
443 2289 540 2324 tunc
573 2284 626 2323 ad
666 2295 741 2323 eos
775 2281 1059 2334 spectantibus
1098 2282 1298 2330 perpetuo
1339 2279 1639 2327 permutarunt,
1679 2286 1755 2313 nos
1796 2274 1931 2325 etiam,

103 2350 208 2400 quod
239 2363 364 2402 super
396 2352 610 2403 premissis
642 2349 793 2390 factum
825 2353 903 2400 est,
945 2351 1075 2387 ratum
1108 2350 1149 2386 et
1181 2345 1330 2384 firmum
1363 2344 1582 2395 habentes,
1616 2342 1653 2380 id
1687 2342 1932 2380 auctoritate

104 2419 328 2467 apostolica
376 2420 427 2458 de
472 2423 589 2458 certa
638 2419 815 2457 scientia
861 2414 1143 2456 confirmamus
1184 2416 1225 2452 et
1266 2412 1473 2462 presentis
1514 2410 1655 2460 scripti
1704 2408 1931 2459 patrocinio

105 2487 399 2525 communimus.
462 2485 565 2527 Cum
597 2490 730 2525 autem
770 2485 866 2523 dicti
897 2484 1111 2537 Magister
1150 2485 1190 2520 et
1229 2479 1382 2519 fratres
1423 2490 1495 2530 pro
1535 2479 1620 2517 suis
1658 2476 1932 2516 laudabilibus

105 2552 256 2591 meritis
303 2554 412 2605 apud
459 2565 536 2594 nos
583 2554 794 2594 obtineant
840 2552 1018 2606 gratiam
1064 2548 1353 2590 beneuolentie
1395 2547 1611 2599 specialis:
1655 2544 1934 2587 Serenitatem
