2912 4368
1194 1068 1288 1107 129

318 1223 403 1250 cum
435 1211 573 1262 terris7
601 1210 743 1260 pratisq
778 1209 925 1249 vine-is.
953 1209 1199 1262 nemoribus,
1233 1210 1426 1263 usuagiis
1455 1212 1493 1249 et
1527 1211 1691 1260 pascuis
1721 1210 1761 1247 in
1795 1209 1923 1247 bosco
1953 1217 1992 1248 et
2019 1211 2153 1260 plano.

315 1280 353 1317 in
393 1278 509 1328 aquis
557 1286 595 1315 et
639 1277 894 1316 molendinis.
945 1279 984 1316 in
1026 1279 1102 1316 viis
1150 1280 1302 1316 semitis
1350 1287 1388 1316 et
1429 1279 1612 1316 omnibus
1662 1278 1752 1315 aliis
1800 1277 2063 1315 libertatibus
2114 1286 2155 1316 et

314 1345 624 1384 immunitatibus
667 1346 766 1383 suis.
832 1346 946 1384 Sane
986 1346 1185 1384 noualium
1229 1353 1473 1383 vestrorum.
1517 1357 1594 1395 que
1636 1346 1810 1395 propriis
1858 1346 2042 1382 manibus
2083 1354 2151 1384 aut

315 1413 536 1463 sumptibus
580 1413 726 1450 colitis.
770 1412 819 1450 de
855 1414 1000 1463 quibus
1036 1414 1250 1451 noualibus
1294 1414 1438 1463 aliquis
1483 1413 1684 1451 hactenus
1727 1425 1805 1450 non
1840 1414 2026 1462 percipit.
2064 1414 2152 1451 siue

316 1481 365 1519 de
399 1481 510 1519 ortis.
551 1480 747 1532 virgultis
791 1487 830 1518 et
873 1481 1178 1530 piscacionibus
1221 1482 1374 1518 uestris
1415 1480 1480 1519 uel
1523 1480 1572 1518 de
1625 1481 1879 1518 nutrimentis
1929 1481 2157 1518 animalium

315 1555 546 1587 vestrorum
596 1548 726 1585 nullus
786 1559 809 1585 a
858 1548 978 1585 vobis
1030 1549 1209 1586 decimas
1267 1550 1449 1600 exigere
1505 1548 1570 1586 vel
1626 1557 1877 1598 extorquere
1934 1556 2155 1598 presumat.

314 1617 461 1655 Liceat
494 1626 656 1665 quoque
703 1615 821 1653 vobis
857 1616 1032 1654 clericos
1075 1616 1141 1653 vel
1176 1616 1303 1653 laicos
1348 1616 1500 1653 liberos
1535 1625 1573 1653 et
1608 1615 1820 1653 absolutos
1856 1627 1877 1654 e
1913 1616 2053 1654 seculo
2089 1614 2155 1653 fu-

315 1685 482 1738 gientes
531 1683 582 1721 ad
623 1685 937 1721 conuersionem
981 1685 1171 1734 recipere
1222 1694 1259 1721 et
1310 1695 1383 1722 eos
1428 1683 1586 1733 absque
1634 1684 1970 1721 contradiccione
2020 1684 2155 1733 aliqua

317 1753 509 1790 retinere.
573 1750 844 1789 Probibemus
887 1752 1068 1801 insuper.
1103 1757 1143 1789 ut
1179 1752 1272 1789 nulli
1314 1750 1480 1789 fratrum
1522 1760 1750 1788 vestrorum
1795 1756 1885 1801 post
1926 1750 2073 1789 factam
2116 1752 2155 1789 in

314 1819 560 1858 monasterio
595 1827 736 1857 uestro
772 1817 1071 1868 professionem
1105 1818 1168 1857 fas
1209 1820 1258 1856 sit
1293 1820 1383 1856 sine
1418 1818 1580 1855 abbatis
1621 1824 1683 1855 sui
1717 1819 1890 1857 licencia
1926 1819 1975 1857 de
2011 1819 2154 1857 eodem

314 1886 404 1924 loco
439 1886 682 1924 discedere:
718 1886 999 1925 discedentem
1034 1898 1135 1924 vero
1171 1886 1330 1936 absque
1372 1887 1631 1923 communium
1667 1886 1889 1924 litterarum
1926 1892 2154 1925 vestrarum

315 1954 512 1992 caucione
546 1954 679 1992 nullus
709 1953 859 1992 audeat
894 1956 1098 1992 retinere:
1134 1954 1238 2005 quod
1266 1955 1300 1991 si
1335 1954 1423 2004 quis
1449 1954 1629 1991 retinere
1665 1955 1972 2003 presumpserit.
2008 1955 2157 1992 licitum

315 2021 433 2059 vobis
460 2022 511 2059 sit
539 2022 577 2058 in
604 2022 715 2070 ipsos
740 2022 964 2060 monachos
995 2022 1060 2060 vel
1087 2033 1314 2059 conuersos
1341 2022 1565 2074 regulares
1594 2022 1848 2059 sentenciam
1874 2022 2155 2074 promulgare.

314 2088 416 2127 Illud
462 2088 695 2126 districcius
744 2090 991 2127 inhibentes.
1042 2100 1092 2127 ne
1133 2098 1268 2127 terras
1315 2101 1390 2127 scu
1433 2089 1641 2139 quodlibet
1693 2088 1931 2127 beneficium
1974 2090 2155 2127 ecclesie

314 2163 457 2194 vestre
493 2157 679 2194 collatum
713 2157 837 2195 liceat
870 2158 989 2195 alicui
1026 2158 1300 2207 personaliter
1335 2157 1434 2194 dare
1463 2169 1538 2193 seu
1573 2156 1649 2194 alio
1685 2157 1800 2194 modo
1836 2157 2018 2195 alienare
2053 2157 2155 2195 abs-

316 2235 393 2274 que
429 2235 635 2261 consensu
670 2226 800 2262 tocius
836 2225 1000 2274 capituli
1036 2225 1101 2263 vel
1135 2226 1298 2263 maioris
1333 2233 1400 2262 aut
1434 2225 1612 2261 sanioris
1647 2226 1775 2273 partis
1811 2225 1951 2273 ipsius.
1995 2224 2041 2263 Si
2076 2235 2155 2274 que

317 2303 416 2330 vero
460 2291 713 2329 donaciones
754 2292 821 2330 vel
863 2293 1145 2331 alienaciones
1187 2293 1318 2330 aliter.
1368 2303 1484 2342 quam
1526 2292 1671 2329 (lictum
1714 2301 1788 2329 est.
1840 2290 1950 2330 facte
1990 2290 2154 2344 fuerint⁷

315 2370 390 2397 eas
423 2359 561 2396 irritas
596 2369 692 2396 esse
726 2370 957 2397 censemus.
1006 2360 1072 2398 Ad
1107 2361 1183 2398 hec
1212 2361 1338 2398 eciam
1374 2359 1634 2409 prohibemus
1663 2370 1712 2396 ne
1747 2360 1893 2409 aliquis
1928 2360 2154 2398 monachus

315 2427 404 2463 siue
445 2436 675 2463 conuersus
717 2426 792 2463 sub
834 2425 1093 2475 professione
1136 2437 1279 2465 vestre
1320 2427 1459 2465 domus
1502 2427 1696 2464 astrictus
1738 2427 1827 2464 sine
1870 2438 2078 2465 consensu
2113 2432 2153 2466 et

315 2493 490 2531 licencia
523 2492 684 2530 abbatis
727 2496 765 2530 et
799 2495 963 2531 maioris
1007 2496 1134 2543 partis
1170 2495 1299 2532 vestri
1343 2494 1506 2543 capituli
1542 2506 1612 2543 pro
1649 2494 1781 2543 aliquo
1817 2492 2050 2547 tideiubeat7
2086 2495 2153 2533 vel

316 2561 367 2598 ab
402 2561 535 2610 aliquo
566 2561 777 2608 pecuniam
811 2567 944 2598 mutuo
974 2562 1148 2610 accipiat
1183 2562 1285 2599 ultra
1313 2563 1492 2610 precium
1528 2562 1691 2610 capituli
1721 2563 1849 2599 vestri
1885 2562 2153 2611 prouidencia

317 2629 588 2665 constitutum.
623 2627 699 2664 nisi
726 2636 894 2676 propter
927 2626 1180 2666 manifestam
1208 2629 1346 2666 domus
1381 2638 1521 2666 vestre
1550 2629 1779 2666 vtilitatem:
1815 2630 1918 2679 quod
1948 2631 1982 2667 si
2011 2628 2154 2668 facere

316 2695 625 2744 presumpserit.
674 2705 754 2731 non
802 2701 992 2731 teneatur
1043 2699 1269 2732 conuentus
1320 2707 1391 2745 pro
1440 2696 1518 2733 hiis
1569 2696 1827 2745 aliquatenus
1883 2697 2153 2746 respondere.

316 2761 488 2799 Licitum
524 2770 716 2811 preterea
751 2762 801 2799 sit
836 2762 957 2798 vobis
992 2762 1029 2799 in
1065 2763 1205 2800 causis
1241 2764 1429 2814 propriis3
1465 2765 1554 2800 siue
1589 2764 1745 2801 ciuilem
1781 2765 1870 2802 siue
1906 2765 2153 2803 criminalem

317 2831 553 2867 contineant
593 2830 847 2879 questionem
890 2827 1055 2867 fratrum
1099 2839 1331 2868 vestrorum
1374 2832 1614 2868 testimoniis
1666 2832 1732 2882 vti,
1775 2843 1827 2869 ne
1870 2843 1942 2881 pro
1987 2831 2151 2871 defectu

316 2899 476 2935 testium
511 2898 572 2934 ius
605 2905 786 2935 vestrum
821 2897 860 2933 in
894 2896 1026 2946 aliquo
1061 2897 1200 2935 valeat
1235 2898 1440 2947 deperire.
1492 2899 1667 2948 Insuper
1701 2900 1945 2937 auctoritate
1980 2906 2152 2949 aposto-

317 2964 395 3002 lica
435 2964 676 3016 inhibemus3
719 2975 768 3002 ne
810 2964 913 3002 ullus
956 2966 1174 3014 episcopus
1216 2966 1283 3003 vel
1324 2965 1402 3003 alia
1445 2966 1623 3015 quelibet
1663 2977 1844 3015 persona
1888 2967 1939 3004 ad
1983 2967 2151 3006 sinodos

317 3031 386 3069 vel
419 3039 646 3069 conuentus
679 3029 872 3069 forenses
906 3043 981 3069 vos
1017 3033 1089 3069 ire.
1124 3032 1191 3070 vel
1231 3032 1379 3071 iudicio
1414 3034 1593 3071 seculari
1630 3034 1679 3072 de
1714 3036 1877 3083 proprIa
1913 3034 2153 3074 substancia

316 3099 386 3136 vel
419 3099 753 3147 possessionibus
787 3100 941 3137 vestris
967 3100 1188 3138 subiacere
1223 3101 1448 3150 compellat.
1484 3111 1535 3139 ne
1564 3100 1614 3139 ad
1651 3101 1789 3140 domos
1824 3109 1990 3140 vestras
2025 3114 2152 3142 causa

319 3166 485 3203 ordines
519 3165 771 3203 celebrandi.
815 3177 967 3204 causas
1001 3168 1219 3205 tractandi.
1261 3168 1326 3206 vel
1362 3177 1589 3206 conuentus
1631 3169 1789 3219 aliquos
1830 3170 2016 3219 publicos
2050 3182 2153 3208 con-

318 3232 493 3270 uocandi
528 3233 671 3271 venire
701 3242 918 3282 presumat.
953 3245 1029 3272 nec
1057 3235 1294 3287 regularem
1322 3236 1484 3273 abbatis
1513 3238 1642 3274 vestri
1670 3237 1919 3275 eleccionem
1947 3238 2149 3287 impedIat.

319 3308 387 3338 aut
421 3300 471 3337 de
506 3300 752 3338 instituendo
783 3301 847 3339 vel
881 3303 1127 3340 remouendo
1158 3314 1219 3340 eo.
1256 3304 1318 3353 qui
1347 3315 1418 3352 pro
1446 3312 1627 3352 tempore
1661 3302 1794 3341 fuerit.
1824 3312 1964 3342 contra
1999 3314 2151 3343 statuta

320 3367 617 3407 Cisterciensis
652 3368 804 3406 ordinis
831 3380 877 3406 se
912 3369 1169 3419 aliquatenus
1193 3371 1439 3409 intromittat.
1488 3372 1531 3410 Si
1568 3383 1669 3409 vero
1698 3374 1931 3422 episcopus.
1967 3374 2005 3410 ln
2034 3374 2150 3411 cuius

319 3435 515 3483 parochia
552 3435 689 3473 domus
714 3446 855 3473 vestra
889 3435 1056 3475 fundata
1084 3446 1160 3479 est.
1195 3449 1281 3476 cum
1315 3438 1536 3477 humilitate
1570 3451 1618 3478 ac
1654 3440 1894 3479 deuocione.
1931 3453 2009 3491 qua
2046 3452 2148 3480 con—

1887 3507 1941 3547 l?
