2155 2928
1080 194 1178 233 ¹44

1021 332 1220 374 CLXIX.

351 421 610 481 Otliakerus
643 438 727 477 dux
759 436 956 476 Ausa-iae
990 437 1030 473 et
1062 433 1244 472 marchio
1277 432 1499 472 Mol-aviae
1531 433 1781 472 monasterio
1814 433 1855 472 in
1887 433 2039 474 Paum-

202 512 473 562 gat-tenperg
506 508 695 546 diuersas
729 505 941 543 libertates
975 506 1016 540 et
1049 501 1305 540 exemtiones
1334 500 1554 553 elargitur.
1590 501 1725 540 datum
1751 513 1859 540 anno
1892 501 2038 542 domini

202 577 420 616 Millesimo
455 574 529 615 CC
565 571 919 625 Quinquagesimo
953 570 1093 619 primo.
1156 568 1292 608 Sexto
1327 568 1484 608 decimo
1523 569 1741 610 Kalendas
1775 569 2036 609 Decembris.

508 664 614 695 Knrz
637 679 678 685 —
701 661 898 700 Beitriige
921 659 984 690 111.
1006 657 1098 690 428.

1032 806 1210 848 CLXX.

369 903 491 962 Idem
529 918 778 958 monasterio
818 918 987 957 Altaich
1027 918 1199 957 liberam
1240 920 1484 959 electionem
1529 918 1723 959 advocati
1764 919 1861 959 boni
1907 921 2037 971 ipsius

199 992 239 1028 in
271 987 449 1029 Abstors
475 990 516 1026 in
546 987 721 1026 Austria
754 984 977 1025 confirmat.
1041 987 1111 1026 Dt.
1144 987 1184 1026 in
1216 987 1472 1026 Niumburch
1505 987 1779 1041 (Neuburgij,
1814 987 1909 1027 VII.
1941 986 2038 1027 Idus

198 1057 457 1109 Decembris,
496 1054 647 1094 1251.

506 1144 639 1174 Rauoli
664 1161 705 1166 —
728 1141 914 1176 oesterr.
939 1142 1193 1175 Geschichte
1216 1143 1251 1175 3.
1276 1143 1335 1174 Th.
1359 1152 1435 1185 pag.
1460 1141 1523 1175 96.

1017 1290 1218 1332 CLXXI.

343 1383 586 1443 Ottacarus
629 1402 873 1453 (Pl-emysl)
920 1402 1004 1441 dux
1052 1403 1226 1440 Austrie
1268 1407 1309 1441 et
1350 1402 1480 1442 Stirie
1529 1407 1571 1441 et
1609 1402 1804 1442 Marchio
1843 1403 2038 1443 Moravie

195 1468 401 1509 confirmat
444 1471 694 1509 monasterio
742 1471 782 1508 in
830 1470 1043 1508 Lambacb
1093 1470 1366 1509 exemtionem
1406 1470 1459 1509 ab
1509 1470 1747 1524 aduocatia,
1795 1481 1914 1522 quam
1961 1471 2036 1510 sibi

196 1537 470 1578 Gundacarus
511 1537 563 1576 de
601 1537 915 1591 Starhemberg
955 1538 1182 1576 vendicare
1222 1538 1363 1576 voluit.
1428 1538 1585 1577 Testes
1633 1539 1899 1578 Patauiensis
1947 1539 2038 1590 epi-

195 1617 346 1656 scopus
387 1605 654 1645 Perlitoldus.
695 1605 947 1646 chunradus
990 1617 1130 1645 comes
1178 1605 1230 1644 de
1278 1605 1623 1644 Wazzerborch.
1673 1606 1768 1646 Otto
1808 1617 1948 1646 comes
1987 1606 2038 1646 (le

194 1674 395 1713 Hardeke
435 1677 477 1712 et
514 1672 646 1712 frater
687 1685 788 1713 suus
829 1672 1094 1712 Chuni-attus.
1136 1673 1296 1712 Albero
1335 1674 1634 1713 Marschalcus
1675 1674 1728 1713 de
1762 1673 2037 1728 Cliunringie.

196 1743 428 1782 Hadnlarus
462 1741 513 1780 de
546 1742 614 1780 W
617 1741 731 1780 erde.
764 1742 974 1780 Henricus
1008 1742 1059 1780 de
1092 1741 1421 1781 Schouniberch.
1456 1741 1550 1781 Otto
1584 1742 1636 1781 de
1668 1742 1888 1781 Missawe.
1919 1743 2039 1782 Hen-

196 1811 307 1848 ricus
356 1807 516 1860 dapifer
563 1809 615 1848 de
664 1809 972 1849 Greicenstein.
1021 1808 1274 1848 chunradus
1322 1809 1374 1848 de
1424 1809 1638 1863 Zekinge.
1694 1808 1947 1850 chunradus
1987 1809 2039 1850 de

197 1877 440 1927 Hintperch.
473 1877 711 1917 XVolkerus
744 1877 796 1917 de
827 1877 1022 1917 Parawe.
1057 1877 1151 1917 Otto
1186 1877 1237 1916 de
1262 1876 1606 1916 perchtoldstors.
1641 1877 1843 1918 Rudolsus
1876 1879 1929 1919 de
1951 1879 2038 1919 Po-

198 1943 373 1983 tendorf.
405 1945 560 1984 Botsco
601 1958 816 1996 suppanus
849 1946 901 1984 de
940 1958 1100 1995 znoym.
1134 1949 1176 1984 et
1215 1946 1281 1983 alii
1315 1957 1434 1997 quam
1476 1945 1629 1996 plures.
1693 1947 1802 1986 Acta
1834 1949 1930 1986 sunt
1959 1946 2037 1986 hec

198 2012 306 2063 apud
337 2013 652 2053 Nivvenburch.
714 2014 840 2053 Anno
873 2014 1020 2053 domini
1054 2012 1192 2054 MCC.
1225 2013 1298 2052 LI.
1332 2013 1564 2053 indictione
1596 2025 1717 2054 nona.

504 2102 612 2134 Knrz
637 2122 676 2125 --
701 2104 899 2145 Bcilrz'ige
922 2102 958 2134 2.
983 2103 1086 2134 Tlieil.
1111 2112 1186 2144 pag.
1211 2100 1301 2135 456.

1012 2250 1232 2292 CLXXII.

346 2341 571 2414 Premysb
605 2362 688 2401 dux
731 2363 929 2402 Austriae
963 2367 1004 2402 et
1036 2363 1219 2402 marchio
1261 2362 1497 2415 Moraviae7
1536 2360 1748 2402 confirmat
1779 2361 2037 2401 donationem

204 2426 411 2466 ecclesiae
444 2429 723 2482 Friburgensi
764 2443 789 2469 a
829 2430 1001 2482 quodam
1034 2432 1255 2470 Francone
1292 2428 1455 2470 factam.
1519 2431 1589 2470 Dt.
1629 2430 1863 2484 wiennae,
1905 2427 2036 2480 pridie

204 2492 301 2530 Idus
338 2494 594 2548 Decembris,
637 2497 731 2536 125
750 2499 785 2536 l.

510 2583 662 2614 Tenzel
688 2604 727 2608 —
751 2585 1085 2627 Supplementum
1108 2587 1310 2617 historiae
1335 2585 1551 2617 Gothanae
1573 2595 1649 2628 pag.
1674 2584 1763 2617 395.
