2155 2928
1123 146 1228 186 386

252 294 468 334 munimine
500 292 703 331 roborari.
765 291 874 330 Acta
914 290 1008 328 sunt
1038 287 1118 326 hec
1157 287 1198 325 in
1230 286 1343 325 Vitis
1382 296 1491 324 anno
1530 285 1678 324 domini
1718 286 1777 325 M.
1811 284 1901 327 CC.
1932 287 2092 329 LXVI.

251 363 371 401 nonis
410 361 515 400 Ivlii.
562 359 835 399 Presentibus
878 356 1036 395 domino
1076 354 1293 393 Hartliebo
1333 353 1385 392 de
1424 353 1577 393 dvbna.
1619 354 1796 393 Domino
1831 353 2009 395 Cvnone
2041 357 2092 398 de

251 430 446 469 brazlaus
486 428 661 479 plebano
706 428 745 465 in
786 426 895 463 Vitis
939 427 980 463 et
1022 424 1138 462 socio
1186 434 1276 461 suo.
1323 422 1474 460 Fratre
1516 422 1737 461 Friderico
1782 426 1824 462 et
1863 424 1977 462 socio
2015 435 2093 464 suo

251 498 407 536 ordinis
438 498 644 535 minorum.
678 495 827 534 Ottone
853 492 1075 543 preposito.
1108 493 1149 530 et
1172 491 1224 529 H.
1249 490 1427 540 plebano
1459 490 1501 529 in
1524 490 1744 530 illirzlavs.
1777 493 1819 530 et
1850 491 1942 530 aliis
1974 502 2092 543 quam

252 565 449 615 pluribus.

556 659 610 691 Ex
633 658 826 700 originali
851 655 1033 698 ejusdem
1057 656 1254 688 monasterii.

985 819 1351 862 CCCLXXXIII.

251 924 473 974 otakarus,
497 935 580 962 rem·
596 923 799 962 Boemiae
823 925 862 961 et
879 922 1069 962 marchio
1091 924 1325 973 Mor-aviae,
1350 922 1571 974 confirma!
1591 923 1845 962 monasterio
1865 923 2092 965 Zwetlensi

246 993 433 1032 reddibus
464 993 508 1030 in
541 990 844 1043 ΠῖιῖΙιτει-εαῖοιγΒ
868 994 994 1029 enetos
1026 1004 1051 1030 α
1078 992 1280 1031 Ludmila
1314 991 1364 1030 de
1391 979 1499 1043 Rjge
1530 991 1605 1043 (de
1637 992 1872 1042 Moravia).
1935 993 2092 1033 Datum

850 1059 986 1098 Nonis
1017 1058 1289 1111 Septembris,
1330 1059 1480 1098 1266.

392 1150 621 1210 Otakorus
654 1169 721 1208 dei
754 1169 908 1222 gracia
941 1179 1021 1207 rex
1046 1169 1229 1208 Boemie.
1263 1169 1349 1209 dux
1374 1169 1561 1208 Austrie.
1596 1172 1637 1209 et
1661 1169 1804 1210 Stirie.
1837 1176 1879 1210 et
1910 1170 2091 1211 marchio

244 1237 451 1276 Mor-avie.
485 1238 696 1275 universis
729 1237 769 1275 in
804 1236 973 1277 Christo
1007 1235 1193 1276 fidelibus
1227 1241 1449 1288 presentes
1483 1238 1645 1276 litteras
1679 1239 1942 1288 inspecturis.
1976 1239 2091 1278 salu·
2150 1239 2153 1273 5

244 1308 321 1343 teni
357 1306 395 1343 in
429 1308 683 1354 perpetuum.
748 1303 851 1344 Cum
886 1317 965 1343 non
999 1306 1127 1344 solum
1161 1306 1299 1344 divina
1333 1306 1560 1345 auctoritas
1593 1306 1759 1359 doceat,
1792 1306 1868 1345 sed
1901 1310 1943 1346 et
1973 1307 2091 1346 animi
2150 1327 2151 1333 κ

245 1374 514 1425 generositas
548 1372 588 1410 id
620 1372 823 1425 hortetur,
856 1377 899 1412 ut
931 1373 982 1411 ad
1017 1372 1361 1412 benefaciendum
1396 1375 1450 1413 sit
1484 1374 1551 1425 qui
1585 1373 1658 1425 (22)
1692 1374 1862 1425 quilibet
1894 1375 2090 1414 liberalis.
2148 1374 2150 1400 ῑ

2152 1170 2154 1206 i

2149 1283 2152 1316 l

2147 1413 2150 1447 l

243 1442 417 1479 maxime
449 1446 583 1479 tamen
618 1441 806 1494 regalem
841 1441 1045 1479 condecet
1076 1443 1345 1480 maiestatem.
1387 1446 1430 1481 ut
1462 1443 1576 1480 circa
1611 1442 1759 1481 cultum
1793 1443 2012 1496 religionis
2042 1453 2090 1482 se
2146 1451 2149 1501 j

245 1506 514 1547 favorabilem
558 1508 771 1561 exhibeat,
818 1520 868 1547 ac
910 1509 1150 1562 benignum.
1213 1510 1440 1549 Vniversis
1487 1511 1619 1563 igitur
1663 1510 1714 1549 ad
1764 1521 1867 1561 quos
1914 1521 2089 1561 presens
2146 1534 2147 1545 i

244 1577 437 1626 scriptum
482 1576 702 1615 devenerit
743 1576 1017 1616 declaramus.
1059 1577 1165 1628 quod
1207 1578 1368 1617 domina
1400 1577 1620 1617 Ludme'lla
1661 1577 1712 1616 de
1744 1577 1917 1618 Reusclz
1955 1579 2090 1618 inten-

244 1643 347 1682 dens
389 1644 659 1694 incorporare
699 1656 846 1683 novam
888 1645 1179 1695 plantationem
1221 1646 1351 1685 ordini
1393 1644 1683 1686 Cisterciensi.
1723 1643 1796 1697 pro
1837 1642 2088 1686 habitatione
2143 1636 2145 1679 ἶ

243 1712 584 1751 saci-iunonialiuni
618 1710 855 1751 seminarum
890 1724 965 1763 per
999 1725 1070 1763 pro
1104 1742 1288 1753 .....
1322 1725 1385 1752 am
1417 1705 1684 1752 soron-issue
1717 1715 1927 1753 Kolarina
1957 1726 2087 1765 quon-

243 1778 339 1817 dum
379 1779 583 1818 abbatisse
627 1781 671 1818 in
713 1780 1044 1819 waschenawitz.
1093 1785 1135 1820 et
1181 1782 1313 1821 eidem
1359 1782 1599 1832 plantationi
1649 1793 1723 1832 pro
1773 1793 1898 1832 posse
1946 1783 2088 1832 predia

244 1857 499 1896 comparare.
532 1848 719 1887 vendidit
752 1849 953 1899 quandam
988 1853 1143 1899 partem
1178 1850 1410 1900 prediorum
1442 1862 1608 1891 suorum
1640 1851 1759 1888 sitam
1793 1851 1831 1889 in
1872 1849 2087 1889 Wallfers-
2139 1874 2141 1907 3

242 1914 355 1969 dors.
390 1927 468 1966 que
502 1927 591 1954 eain
619 1917 714 1967 jure
747 1916 1001 1956 hereditario
1035 1919 1321 1971 contingebat.
1363 1919 1414 1956 de
1456 1929 1667 1956 consensu
1707 1916 1878 1959 fratrum
1910 1930 2086 1958 suorum.
2138 1919 2139 1922 ’

245 1981 485 2035 ἱνίῑίἑῑοηῑε
533 1984 584 2022 de
625 1984 788 2024 anlitz
835 1989 877 2024 et
915 1986 1097 2039 Hogerii
1138 1986 1190 2024 de
1229 1986 1574 2039 lvitigenavwe.
1615 1997 1886 2036 sororumque
1925 1997 2084 2025 suarum
2137 2003 2139 2024 s

244 2048 441 2089 Gen-udis
474 2055 512 2090 et
541 2052 646 2095 que
678 2080 1037 2092 .........
1072 2054 1137 2104 qui
1173 2056 1211 2092 in
1246 2054 1389 2092 eadem
1424 2053 1661 2095 hereditate
1702 2054 1935 2092 succedere
1968 2053 2085 2093 vide-
2135 2091 2137 2095 .

243 2117 403 2156 bantur.
437 2119 595 2158 domino
630 2119 855 2160 Chuni-ado
890 2121 1027 2160 abbati
1073 2121 1124 2161 de
1158 2122 1311 2161 chlll
1349 2125 1390 2160 et
1423 2120 1621 2160 fratribus
1654 2122 1815 2160 ibidem.
1848 2122 1900 2160 ab
1934 2121 2084 2161 eisdem
2133 2158 2135 2166 Α

246 2190 445 2235 perpetuo
481 2188 785 2237 possidendum.
849 2189 970 2230 Unde
1010 2190 1086 2228 iam
1128 2190 1352 2240 predictum
1386 2190 1577 2229 abbatem
1618 2200 1674 2228 ex
1713 2189 1900 2243 benigno
1940 2188 2084 2229 favore
2133 2205 2135 2213 1

245 2264 553 2304 prosequamur
601 2257 854 2306 specialiter.
909 2261 950 2295 et
1001 2268 1057 2295 ex
1110 2261 1286 2308 utraque
1342 2262 1463 2311 parte
1517 2258 1665 2297 cultum
1713 2257 1890 2296 divinum
1935 2256 2084 2311 angeri
2130 2257 2133 2307 j

252 2321 485 2360 evidentius
533 2334 856 2376 cognoscamus.
913 2324 1112 2376 prefatam
1161 2336 1239 2364 con
1278 2353 1712 2365 .........
1756 2326 1902 2366 ionem.
1958 2328 2082 2364 ratum
2130 2350 2131 2353 =

246 2386 463 2427 habentes.
497 2394 537 2428 et
561 2392 750 2431 volentes
775 2391 940 2431 firmiter
965 2394 1199 2432 observari.
1228 2393 1421 2444 quicquid
1447 2397 1513 2432 est
1543 2394 1582 2432 in
1610 2394 1753 2432 eadem
1781 2393 1982 2444 emptione
2007 2390 2081 2430 sub

245 2455 408 2506 sigillis.
449 2468 498 2495 ac
538 2460 712 2497 testibus
744 2461 922 2510 ydoneis
955 2460 1244 2499 confirmatum.
1302 2462 1459 2500 Damus
1493 2462 1613 2501 etiam
1647 2486 2079 2500 ...........
2128 2493 2129 2497 ,

248 2521 502 2572 Rapotonem
551 2526 602 2565 de
650 2528 988 2568 Valchenberch.
1036 2533 1079 2568 et
1124 2528 1242 2568 filium
1292 2541 1408 2569 suum
1453 2529 1712 2581 Rapotonem
1760 2529 1921 2569 dilectis
1966 2527 2079 2568 nobis
2126 2534 2128 2546 ·
