2155 2928
930 151 1035 194 357

65 303 191 333 causa
222 291 283 330 rei
315 289 526 329 seruande
558 290 598 328 in
631 291 939 340 possessionem
971 293 1168 331 bonorum
1199 292 1400 332 mobilium
1433 293 1484 332 ad
1518 294 1664 334 dictum
1692 300 1895 337 rectorem

61 361 230 401 racione
268 369 448 409 persone
487 359 774 411 spectantium,
820 360 888 398 uel
929 361 1195 414 immobilium,
1241 362 1277 399 si
1328 373 1407 399 non
1456 366 1596 400 extant
1643 365 1802 403 mobilia
1841 365 1895 404 ad

62 428 239 468 ualorem
278 437 453 464 annuum
493 425 636 463 decem
675 426 929 467 marcharum
970 429 1244 478 predictorum
1287 429 1483 478 ponderis
1525 434 1565 467 et
1598 433 1780 484 argenti,
1822 444 1894 482 pro

63 494 240 546 quolibet
271 495 448 544 ipsorum
482 503 560 531 sex
594 505 804 547 ainnorum,
843 496 1065 535 iuramento
1099 509 1121 534 a
1156 501 1426 546 procuratore
1459 496 1655 535 dictorum
1689 500 1822 548 proris
1855 502 1897 538 et

61 562 225 602 fratrum
266 561 384 599 nobis
425 566 649 610 propterea
692 563 875 610 prestito.
924 567 965 602 et
1012 574 1086 613 per
1132 575 1207 602 nos
1249 564 1549 603 deliberatione
1593 576 1643 604 ac
1684 567 1896 605 taxatione

61 629 284 681 prehabitis
324 638 398 678 pro
437 628 556 666 modo
597 628 721 666 debiti
763 629 981 669 declarari.
1044 631 1091 668 In
1133 642 1300 681 quorum
1344 632 1513 669 omnium
1546 633 1815 671 testimonium
1855 636 1897 672 et

64 700 296 748 perpetuam
328 693 567 747 firmitatem7
601 707 679 734 nec
713 708 794 734 non
828 702 868 735 et
901 697 1096 735 dictorum
1131 699 1278 748 prioris
1304 702 1345 736 et
1370 697 1538 737 fratrum
1573 701 1733 738 nomine
1767 701 1895 749 ipsius

63 764 276 814 hospitalis
315 763 516 801 cautelam
558 774 734 813 presens
776 765 976 814 publicum
1017 766 1319 803 instrumentum
1361 777 1436 815 per
1475 778 1617 804 manus
1650 767 1809 805 Nicolai
1844 767 1895 806 de

62 831 202 871 Rocca
230 831 378 881 publici
404 832 549 870 notarii
577 842 633 869 ex
658 831 752 869 inde
778 830 863 869 fieri
889 830 1072 884 fecimus7
1101 836 1140 870 et
1165 833 1291 869 nostri
1317 833 1444 885 sigilli
1471 833 1622 871 robore
1647 835 1895 872 communiri.

61 900 205 939 Actum
244 898 350 949 apud
390 898 548 937 Vrbem
586 904 772 937 veterem
823 901 862 938 in
904 899 1078 949 hospitio
1119 899 1213 937 dicti
1255 899 1401 937 domini
1440 900 1634 950 Symonis
1673 901 1896 940 cardinalis

62 967 257 1006 auditoris
303 966 412 1004 dicte
455 977 585 1004 cause
625 979 734 1005 anno
776 967 975 1005 dominice
1018 968 1313 1005 incarnationis
1355 967 1574 1005 Millesimo
1617 968 1896 1006 ducentesimo

62 1035 329 1087 sexagesimo
369 1034 512 1073 Tertio
553 1045 694 1072 mense
734 1035 918 1088 Augusti
960 1034 1025 1072 die
1064 1035 1260 1072 vicesima
1300 1036 1470 1084 septima
1510 1035 1732 1073 indictione
1773 1039 1897 1074 sexta

62 1100 326 1141 Pontificatus
367 1101 513 1140 domini
545 1102 708 1140 Vrbani
753 1113 859 1151 pape
901 1102 1034 1152 quarti
1074 1113 1182 1139 anno
1222 1101 1406 1139 secundo
1447 1113 1584 1140 coram
1624 1112 1688 1140 me
1719 1102 1894 1140 Nicolao

63 1168 114 1208 de
152 1169 297 1208 Rocca
340 1170 828 1222 notario7presentibus
870 1169 1083 1222 magistris
1125 1167 1300 1206 Radulfo
1341 1169 1487 1208 domini
1530 1180 1637 1218 pape
1679 1169 1895 1218 capellano

63 1238 199 1288 priore
241 1238 376 1287 pontis
417 1237 697 1277 Lauanensis.
766 1237 975 1275 Riecardo
1017 1236 1067 1274 de
1106 1234 1279 1289 sagania
1320 1240 1361 1274 et
1402 1236 1526 1274 Petro
1559 1237 1697 1275 Yterii
1741 1236 1895 1274 clerico

32 1306 33 1309 ’
66 1305 329 1356 pictauiensis
362 1305 543 1344 diocesis
576 1305 752 1344 testibus
787 1305 837 1343 ad
873 1305 950 1343 hec
983 1304 1221 1353 specialiter
1254 1305 1506 1341 conuocatis.
1569 1304 1668 1356 Ego
1696 1303 1896 1342 Nicolaus

67 1372 118 1411 de
148 1373 290 1411 Rocca
325 1373 510 1422 publicus
542 1378 816 1410 sacrosancte
850 1374 1036 1411 Romane
1076 1372 1257 1409 ecclesie
1297 1372 1541 1409 auctoritate
1577 1371 1762 1409 notarius
1793 1381 1895 1420 pro-

72 1439 207 1480 lationi
239 1451 315 1478 seu
347 1441 589 1479 nuntiationi
624 1440 850 1478 huiusmodi
886 1451 935 1478 ac
970 1440 1153 1477 omnibus
1186 1439 1433 1488 supradictis
1469 1437 1645 1490 interfui7
1679 1442 1719 1476 et
1759 1449 1808 1476 ea
1843 1437 1896 1476 de

64 1508 250 1547 mandato
284 1509 412 1558 ipsius
445 1507 592 1546 domini
624 1508 818 1558 Symonis
858 1507 1079 1546 cardinalis
1119 1506 1317 1544 auditoris
1359 1506 1467 1544 dicte
1510 1516 1639 1544 cause
1671 1506 1822 1554 scripsi
1855 1507 1897 1544 et

69 1575 269 1626 publicaui
304 1580 345 1614 et
377 1575 598 1629 publicata,
631 1588 713 1614 una
746 1587 834 1614 cum
866 1575 1006 1628 sigillo
1032 1575 1159 1625 ipsius
1183 1574 1446 1624 presentibus
1472 1584 1671 1625 appenso⁷
1697 1574 1895 1610 consueto

68 1653 154 1682 meo
184 1644 310 1697 signo
343 1644 528 1697 signaui.

368 1741 422 1773 Ex
446 1742 638 1784 originali
660 1741 692 1772 in
714 1741 848 1772 archivo
871 1739 922 1772 M.
945 1739 1150 1771 Prioratus
1173 1737 1450 1769 Melitensium
1474 1736 1650 1776 Pragae.

859 1902 1094 1945 CCCLIX.

70 2003 261 2057 Thomas,
294 2008 514 2058 episcopus
553 2007 926 2048 H’rale'slarae'ensis,
960 2004 1063 2043 bona
1096 2005 1139 2042 in
1172 2000 1443 2051 Zieqenhals.
1476 2000 1518 2038 in
1552 1998 1822 2047 Lonym·z'lla‚
1854 1998 1897 2036 in

65 2073 164 2112 villa
187 2074 356 2113 Nzcolae·
379 2074 526 2113 dividit
551 2076 655 2113 iulet·
677 2075 789 2126 filios
824 2072 1054 2118 Wite'lsonis,
1080 2071 1271 2109 culi-ocati
1299 2069 1498 2106 circuitus
1525 2065 1897 2115 Omma-hortensis,

70 2143 107 2179 et
137 2141 439 2181 Theodorz‘cum
468 2143 601 2194 filium
634 2142 805 2194 Sifle'di.
868 2142 940 2180 DI.
982 2139 1286 2187 Irrattslaviae,
1321 2135 1381 2174 II.
1413 2134 1596 2174 Kalend.
1628 2131 1898 2184 Septembris,

905 2207 1055 2246 1263.

230 2300 291 2360 ln
322 2319 484 2358 nomine
526 2319 674 2357 domini
717 2329 847 2356 amen.
909 2316 997 2354 Nos
1040 2314 1235 2364 Thomas7
1268 2312 1333 2351 dei
1367 2311 1518 2364 gracia
1551 2308 1900 2347 Vratislauiensis

67 2384 297 2436 episcopus.
359 2387 506 2425 Notum
555 2386 726 2425 facimus
774 2384 983 2423 vniuersis
1033 2380 1298 2431 presentibus
1344 2384 1386 2417 et
1426 2377 1593 2428 suturis7
1641 2376 1770 2427 quod⁷
1810 2386 1900 2413 cum

68 2454 314 2503 temporibus
349 2455 663 2504 predecessoris
704 2453 831 2491 nostri
867 2450 998 2489 felicis
1039 2448 1337 2487 recordationis
1369 2445 1596 2485 Laui-encii
1630 2444 1813 2493 episcopi
1846 2441 1899 2480 ad

70 2522 306 2562 retinendos
351 2526 392 2562 et
432 2523 688 2562 excolendos
728 2521 922 2560 terminos
964 2516 1359 2568 Otmucliouienses,
1402 2512 1508 2565 quod
1550 2514 1616 2550 est
1654 2510 1901 2550 castellania
