2155 2928
1134 148 1239 190 360

1082 261 1295 331 ccccx.

269 399 462 442 Urbanus
493 410 603 450 papa
636 397 712 436 IV.
750 394 904 445 inquiri
934 390 1114 440 nmmlal,
1154 403 1179 428 a
1211 389 1357 441 quibus
1399 392 1437 428 et
1465 391 1658 440 quantam
1694 389 1914 440 pecuniam
1950 389 2100 430 Petrus

266 467 317 506 de
348 468 613 506 Pontecurro
642 476 722 516 pro
755 473 920 501 cornera
953 459 1180 510 apostolica
1214 458 1426 508 receperit.
1484 459 1553 496 DI.
1586 457 1700 508 apud
1733 456 1883 497 Urbem
1914 460 2100 510 veterem,

769 529 866 569 XV.
900 526 1121 567 Kalendas
1152 524 1415 576 Novembris,
1455 524 1607 564 1263.

403 623 623 684 Vrbanus
655 640 875 689 episcopus
909 647 1059 675 seruus
1092 646 1306 674 seruorum
1340 634 1420 672 dei.
1482 633 1730 672 Venerabili
1762 631 1879 673 fratri
1911 662 1922 673 .
1954 663 1964 673 .
1997 635 2099 685 Epi-

265 722 394 760 scopo
428 708 638 761 l’ragensi
678 710 718 744 et
751 705 900 743 dilecto
941 702 1019 742 filio
1053 702 1407 754 B.[a1·tholomeo]
1441 701 1602 740 decano
1636 701 1896 741 olomucensi
1931 703 2100 744 salutem

266 785 307 817 et
339 777 600 828 apostolicam
635 773 976 812 benedictionem.
1041 770 1143 811 Cum
1186 771 1338 809 Petrus
1372 770 1423 808 de
1456 770 1589 808 Ponte
1622 781 1751 808 curvo
1784 770 2100 811 archidiaconus

265 845 536 885 Gradiccnsis
581 847 676 881 tunc
716 841 877 890 capelle
923 840 1152 890 apostolice
1199 838 1326 879 Sedis
1374 838 1567 890 clericus,
1608 838 1698 876 olim
1746 841 1932 887 tempore
1971 835 2099 878 felicis

264 911 562 950 recordationis
602 908 834 947 Alexandri
878 919 984 958 pape
1026 907 1343 957 predecessoris
1383 905 1494 955 [sic]
1543 906 1671 944 nostri
1712 906 1753 943 in
1802 904 1985 955 partibus
2025 905 2099 944 inin

263 980 444 1017 eiusdem
468 977 594 1017 Sedis
620 977 783 1014 nuntius
816 976 867 1014 ab
898 975 1171 1014 ecclesiarum
1197 974 1367 1024 prelatis
1391 977 1432 1012 et
1457 974 1623 1012 clericis
1647 974 1827 1012 ciuitatis
1851 977 1892 1012 et
1923 973 2100 1013 diocesis

263 1046 498 1098 Pragensis
531 1050 610 1083 tum
636 1044 687 1083 de
720 1044 918 1082 censibus
944 1047 984 1082 ct
1017 1043 1108 1081 aliis
1136 1042 1318 1081 ecclesie
1344 1042 1529 1080 Romane
1556 1052 1606 1079 ac
1630 1045 1744 1079 terre
1766 1045 1915 1080 sancte
1940 1040 2100 1096 debitis,
2154 1060 2155 1067 1

261 1118 339 1152 tum
373 1114 492 1152 etiam
526 1113 577 1151 de
611 1112 893 1162 redemptione
926 1115 1112 1150 votorum
1147 1122 1225 1148 non
1260 1110 1456 1148 modicam
1483 1111 1700 1159 recepisse
1734 1109 1894 1148 dicatur
1927 1110 2099 1160 pecunie

261 1183 539 1233 quantitatem,
579 1180 818 1219 discretioni
860 1183 1005 1219 vestre
1054 1189 1129 1229 per
1168 1179 1395 1228 apostolica
1436 1179 1591 1227 scripta
1632 1176 1798 1216 firmiter
1837 1176 2100 1227 precipiendo

259 1250 506 1302 mandamus,
540 1253 744 1299 quatenus
777 1248 1021 1286 conuocatis
1055 1246 1288 1299 abbatibus,
1314 1246 1621 1284 archidiaconis
1655 1250 1696 1283 et
1723 1244 2099 1295 archipresbyteris

260 1318 435 1355 ciuitatis
469 1321 510 1355 et
536 1317 717 1355 diocesis
751 1316 988 1368 earundem„
1022 1327 1045 1353 a
1074 1314 1254 1366 singulis
1289 1325 1363 1363 per
1389 1315 1655 1352 iuramentum
1690 1314 1881 1365 ipsorum,
1914 1312 1966 1351 ad
1996 1310 2098 1363 quod

260 1384 523 1435 prestandum
567 1384 735 1423 rebellis
775 1385 810 1422 si
844 1384 910 1434 qui
951 1380 1102 1421 suerint
1143 1392 1218 1431 per
1258 1393 1336 1420 vos
1379 1381 1564 1420 volumus
1598 1380 1888 1419 ecclesiastica
1921 1390 2098 1419 censura

259 1453 457 1504 compelli7
491 1452 586 1502 qnid
626 1456 667 1491 et
700 1455 891 1502 quantum
931 1455 973 1490 et
1004 1463 1028 1489 a
1062 1450 1209 1500 quibus
1250 1454 1291 1488 et
1324 1461 1378 1488 ex
1418 1460 1497 1500 qua
1532 1460 1661 1487 causa
1695 1449 1873 1487 clericus
1906 1448 1996 1498 ipse
2028 1458 2100 1498 per

258 1531 306 1559 se
341 1520 405 1559 vel
434 1520 538 1559 alios
572 1521 731 1570 recepit
755 1521 794 1558 in
827 1518 1237 1558 archidiaconatibus
1261 1522 1330 1557 aut
1363 1517 1847 1568 archipresbyter-atibus
1880 1516 2097 1556 eorundem
2145 1528 2147 1532 ’

258 1588 499 1642 diligentius
539 1593 580 1627 et
614 1588 774 1638 plenius
815 1588 1044 1639 inquiratis⁷
1086 1590 1128 1625 et
1161 1586 1266 1637 quod
1310 1586 1566 1638 inueneritis7
1600 1596 1676 1636 per
1709 1590 1876 1624 vestras
1910 1588 2098 1635 patentes

257 1655 400 1694 literas
433 1667 521 1694 cum
555 1656 784 1708 sigillorum
817 1660 1052 1695 vestrorum
1085 1655 1344 1704 appensione
1377 1658 1562 1693 tenorem
1597 1654 1647 1692 de
1680 1654 1812 1692 verbo
1846 1653 1899 1692 ad
1933 1653 2098 1692 verbum
2141 1700 2143 1702 q

2146 1392 2150 1450 l

259 1725 507 1774 presentium
540 1725 800 1763 continentes
835 1723 953 1761 nobis
988 1723 1109 1773 plene
1141 1734 1192 1761 ac
1227 1721 1401 1761 fideliter
1432 1720 1676 1775 significare
1709 1723 1878 1760 curetis.
1933 1720 2098 1774 Scituri,
2139 1742 2142 1763 .=

259 1791 364 1842 quod
412 1792 445 1829 si
492 1796 660 1842 propter
702 1789 905 1830 desectum
949 1794 1132 1830 vestrum
1173 1791 1286 1829 circa
1334 1790 1634 1840 inquisitionem
1674 1788 1904 1828 huiusmodi
1950 1786 2096 1838 aliquid
2139 1801 2141 1818 ⁷

259 1860 447 1897 omissum
481 1858 602 1898 suerit
634 1860 703 1898 vel
736 1859 991 1912 neglectum7
1024 1858 1117 1896 illud
1154 1858 1205 1896 de
1238 1858 1394 1896 vestris
1427 1857 1615 1896 manibus
1648 1858 1918 1907 requiremus.
1982 1853 2096 1904 Quod
2138 1864 2139 1870 ¹

260 1926 295 1964 si
324 1939 401 1965 non
427 1928 543 1965 ambo
573 1927 636 1965 his
663 1927 923 1978 exequendis
943 1927 1157 1976 potueritis
1185 1927 1408 1978 interesse,
1429 1926 1535 1964 alter
1560 1929 1741 1964 vestrum
1767 1936 1818 1963 ea
1845 1924 2095 1963 nihilomiuus

258 2000 502 2045 exequatur.
539 1996 684 2034 Datum
715 1995 824 2045 apud
853 1995 1007 2036 Urbem
1035 1998 1233 2047 veterem7
1265 1994 1364 2033 XV.
1389 1994 1606 2033 Kalendas
1632 1993 1893 2032 Nouembris.
1927 1987 2096 2030 Pontifi-
2133 1986 2137 2038 ,ἶ

258 2066 374 2101 catus
408 2064 535 2101 nostri
569 2075 676 2101 anno
709 2064 845 2101 terti0.

378 2131 427 2168 111
460 2131 631 2169 eundem
656 2131 822 2169 modum
847 2159 855 2168 .
885 2159 893 2168 .
922 2130 1140 2182 Episcopo
1173 2132 1212 2169 et
1242 2159 1252 2168 .
1286 2159 1295 2168 .
1328 2129 1487 2168 decano
1515 2129 1784 2169 olomucensi
1815 2157 1825 2167 .
1851 2156 1860 2166 .
1895 2125 2094 2179 „civitam
2131 2120 2133 2139 ³

258 2199 296 2235 et
326 2197 503 2236 dioc-esis
538 2198 871 2237 olomucensisss'
2128 2203 2132 2240 ἔ

379 2265 427 2303 111
469 2266 642 2304 eundem
680 2266 847 2304 modum
879 2294 889 2304 .
923 2294 933 2304 .
965 2265 1184 2316 Episcopo
1223 2264 1472 2303 pataviense·
1511 2265 1551 2302 et
1589 2264 1649 2303 Μ.
1693 2261 1887 2303 Gerardo
1922 2260 2092 2314 plebano

265 2331 485 2371 Viennensi
517 2334 733 2384 capellano
764 2336 907 2372 nostro
939 2361 949 2371 .
983 2360 993 2371 .
1027 2333 1232 2384 „civitatis
1264 2335 1303 2370 el
1332 2332 1512 2370 diocesis
1547 2330 1857 2370 Pataviensis’z
2126 2319 2129 2328 ’

562 2430 614 2460 Ex
644 2431 899 2471 autographo
930 2431 1113 2470 Regrsto
1138 2429 1289 2462 Urbani
1313 2438 1419 2471 papae
1445 2429 1501 2462 IV.
1526 2431 1600 2461 tom.
1624 2427 1659 2459 2.
1688 2429 1760 2460 anni
1784 2428 1848 2459 111.
1871 2426 1924 2459 fol.
1949 2421 2035 2457 246.
2062 2423 2090 2454 iu
2122 2407 2127 2451 ,ἶ

664 2481 874 2512 tabulariis
899 2482 1124 2512 Vaticanis.
2124 2495 2125 2500 ,
