2155 2928
866 135 1170 197 ΑΘΒ-ᾔ

100 275 292 316 Danubio
332 271 517 325 oppidum
563 275 785 330 Hemburg
822 277 1095 330 intrauerant,
1141 276 1208 315 alii
1249 286 1352 315 vero
1391 287 1482 315 cum
1520 276 1711 315 curribus
1758 278 1941 318 descen-

101 343 247 382 derant
278 343 329 381 ad
354 344 566 381 staciones
600 348 641 382 et
666 344 757 383 loca
791 350 1035 397 castrorum7
1066 344 1210 383 hostes
1243 345 1371 383 nostri
1397 342 1543 383 fraude
1576 345 1684 394 pleni
1711 346 1750 384 in
1784 347 1940 386 modum

101 411 343 450 semicirculi
379 421 453 460 per
479 411 690 449 ordinatas
723 413 840 450 acies
865 424 939 451 nos
968 413 1193 466 cingentes
1217 413 1294 450 nisi
1319 412 1519 451 Dominus
1544 412 1790 463 adiuvisset,
1816 415 1939 452 vivos

101 477 269 518 forsitan
305 479 599 531 deglutissent.
640 479 778 532 Igitur
810 481 849 518 iu
881 484 960 519 tam
993 481 1177 519 evitabili
1210 481 1477 519 necessitatis
1510 480 1682 519 articulo
1716 482 1939 534 constituti,

100 546 362 586 attendentes
396 551 638 596 potestatem
666 557 764 586 esse
797 547 1008 601 celestem,
1036 552 1078 586 et
1110 549 1295 599 quoniam
1321 560 1401 586 non
1434 548 1685 587 multitudine
1710 551 1938 599 exercitus,

99 614 174 654 sed
207 614 259 652 de
291 614 381 653 celo
416 614 591 653 victoria
625 614 745 653 datur
776 626 945 654 munere
977 616 1118 668 magni
1147 616 1243 667 Dei,
1276 620 1399 655 totam
1432 617 1471 655 in
1504 616 1706 654 adiutorio
1739 617 1940 654 Altissimi

100 693 211 733 spem
252 686 468 734 ponentes7
514 685 680 720 nostros
731 682 959 735 adiutores⁷
1001 688 1042 722 et
1087 684 1379 722 commilitones
1420 685 1602 734 primitus
1650 684 1857 723 adhortati
1898 685 1939 723 in

99 750 290 801 plurimos
327 749 661 789 aduersariorum
702 761 873 803 cuneos7
913 751 1008 789 data
1043 751 1160 789 nobis
1201 751 1252 789 de
1285 752 1376 789 celo
1418 750 1579 804 fiducia,
1612 752 1801 790 irruimus
1834 763 1939 790 con-

100 815 285 856 fidenter.
350 817 464 865 Quos
498 817 616 856 Deus
648 828 724 868 per
755 830 898 857 manus
932 823 1098 857 nostras
1131 823 1172 858 et
1197 823 1441 871 nostrorum,
1473 831 1602 869 ymmo
1637 831 1800 858 suorum
1834 820 1939 858 mili-

99 888 178 924 tum
211 887 428 938 exterruit,
461 890 502 924 et
536 886 772 938 prostrauit7
813 890 855 925 et
887 887 927 924 in
959 885 1103 939 fugam
1143 888 1359 939 conuertit7
1394 888 1446 925 ita
1479 893 1523 925 ut
1555 885 1815 940 fugientibus
1849 899 1940 926 cum

41 949 46 951 ’
98 953 260 1006 impetu,
293 956 334 992 et
366 964 414 992 se
447 954 623 992 invicem
656 953 1013 1004 comprimentibus
1047 954 1178 993 dictus
1205 953 1350 993 fluuius
1382 955 1559 993 Mon-aua
1594 956 1708 993 iuxta
1742 956 1804 993 sui
1838 966 1939 1005 pre-

99 1022 212 1074 sagii
246 1021 417 1060 nominis
459 1020 765 1074 ethimologiam
798 1025 989 1072 tanquam
1029 1033 1142 1060 mare
1175 1023 1339 1060 rubrum
1378 1023 1549 1075 egiptiis
1590 1023 1708 1061 multo
1749 1034 1940 1061 cesorum

105 1089 314 1142 sanguine
334 1089 570 1127 rubricatus
595 1087 743 1141 factus,
762 1089 823 1127 sic
849 1090 887 1127 in
908 1100 955 1128 se
974 1090 1200 1128 submersis
1225 1094 1266 1128 et
1293 1090 1593 1128 intereuntibus
1618 1091 1788 1128 mortuis
1814 1089 1938 1128 unda.

101 1156 312 1208 Siquidem
346 1157 386 1195 in
419 1157 562 1196 eodem
595 1155 756 1195 flumine
789 1155 1032 1210 fugientium
1066 1170 1088 1196 a
1121 1155 1229 1195 facie
1263 1158 1344 1196 Dei
1379 1163 1638 1208 peccatorum
1671 1161 1782 1196 tanta
1819 1159 1940 1208 periit

99 1225 320 1278 multitudo,
354 1225 460 1276 quod
496 1236 570 1275 per
609 1225 819 1264 cadauera
856 1226 1053 1264 hominum
1090 1229 1131 1264 et
1164 1236 1359 1275 equorum
1393 1227 1510 1276 quasi
1545 1224 1754 1275 perfectos
1789 1230 1938 1275 pontes

98 1293 277 1332 nonnulli
318 1304 373 1331 ex
410 1293 565 1331 nostris
607 1293 941 1332 aduersariorum
981 1298 1121 1332 castra
1161 1295 1374 1346 intrarent,
1415 1298 1456 1332 et
1497 1298 1751 1343 occupantes
1792 1304 1940 1332 currus

97 1361 273 1399 tentoria
316 1363 358 1399 et
390 1371 615 1413 expensas7
657 1372 820 1412 queque
853 1362 1045 1411 preciosa
1084 1361 1217 1411 spolia
1249 1365 1516 1411 acceperunt.
1581 1360 1776 1408 Quamuis
1810 1362 1940 1414 igitur

98 1432 192 1479 post
222 1428 462 1479 triumphum
496 1428 689 1467 diuinitus
722 1429 842 1467 nobis
876 1429 1024 1482 datum⁷
1058 1429 1389 1480 quemadmodum
1413 1430 1676 1468 communiter
1707 1429 1940 1482 videbatur,

98 1495 294 1550 Regnum
325 1497 534 1549 Ungarie7
573 1500 717 1535 nostre
751 1497 900 1535 dicioni
943 1498 1165 1548 poterimus
1198 1497 1444 1550 subiugare7
1487 1500 1528 1535 et
1567 1496 1670 1535 idem
1712 1498 1752 1535 in
1785 1508 1941 1547 perpe-

99 1567 205 1604 tuam
239 1575 427 1614 premere
460 1565 717 1617 seruitutem,
757 1565 1026 1604 aduertentes
1059 1570 1207 1617 tamen,
1248 1565 1354 1615 quod
1388 1564 1533 1602 melius
1566 1565 1619 1602 sit
1652 1564 1799 1603 bonum
1831 1565 1941 1603 vici-

101 1644 192 1672 num
224 1632 384 1671 habere
416 1633 678 1684 concordem,
703 1644 821 1683 quam
847 1644 1050 1684 superare
1077 1637 1119 1671 ct
1151 1634 1430 1671 exterminare
1463 1632 1672 1671 rebellem.
1705 1632 1942 1671 pensantes

99 1701 232 1753 etiam,
265 1702 465 1751 quoniam,
497 1704 541 1739 ut
572 1702 630 1739 ait
661 1701 890 1750 Imperator
923 1700 1236 1753 Constantinus,
1276 1700 1425 1738 crebro
1459 1700 1678 1738 suauiores
1711 1704 1806 1738 sunt
1838 1700 1940 1738 ami-

98 1768 192 1807 citie
231 1772 323 1818 post
364 1768 658 1806 inimicitiarum
699 1779 853 1807 causas
895 1768 945 1807 ad
987 1768 1248 1806 concordiam
1289 1769 1491 1819 restitute,
1535 1778 1623 1806 cum
1672 1767 1939 1817 participibus

100 1839 142 1874 et
173 1836 384 1888 proximis,
409 1836 477 1874 alti
503 1836 728 1889 sanguinis
757 1837 900 1889 nostri,
928 1836 1047 1874 dictis
1075 1836 1235 1874 scilicet
1265 1836 1455 1888 Ungarie
1480 1835 1675 1888 Regibus
1700 1839 1742 1874 et
1764 1835 1940 1874 Domina

98 1901 283 1956 Regina,
323 1908 365 1942 et
396 1904 553 1942 quene
592 1904 722 1957 Rege
755 1904 874 1956 Bela7
913 1903 1139 1942 secundum
1172 1903 1346 1942 oblatam
1381 1903 1498 1941 nobis
1531 1914 1556 1941 a
1587 1914 1743 1955 magno
1778 1901 1939 1942 Comite

99 1969 288 2009 Rulando
313 1970 364 2009 de
385 1971 567 2010 Posonio
588 1969 754 2010 sormam
772 1971 981 2009 maluimus
1007 1972 1123 2022 pacis
1149 1969 1294 2009 federa
1320 1968 1561 2021 reformare,
1587 1981 1703 2020 quam
1730 1970 1936 2009 vastando

100 2040 142 2076 et
172 2037 420 2077 debilitando
453 2050 647 2092 magnum
681 2039 877 2092 Ungarie
916 2039 1113 2091 Regnum
1146 2038 1197 2077 ad
1230 2037 1336 2076 idem
1369 2042 1410 2076 et
1443 2038 1571 2076 nostri
1604 2041 1742 2077 terras
1775 2037 1938 2076 dominii

98 2104 287 2145 Tartaris
320 2106 469 2146 aditum
499 2108 709 2160 apperire,
737 2107 1030 2158 (prouocare).
1076 2107 1222 2157 Itaque
1255 2105 1560 2155 compositionis
1591 2103 1761 2144 formam
1795 2105 1938 2156 predi-

99 2176 253 2213 ctorum
284 2175 467 2228 Regum,
491 2175 680 2228 Regine⁷
714 2178 755 2214 et
783 2175 912 2213 Ducis
946 2174 1063 2226 Bele7
1092 2174 1246 2227 sigillis
1271 2174 1481 2227 signatam
1506 2176 1650 2211 vestro
1674 2173 1940 2222 Apostolatui

98 2242 419 2282 transmittentes
452 2243 694 2294 suppliciter
726 2243 897 2293 petimus
931 2241 1103 2280 eandem
1137 2253 1161 2280 a
1193 2240 1308 2281 Sede
1341 2240 1585 2291 Apostolica
1618 2239 1863 2295 confirmari7
1897 2244 1938 2281 et

99 2311 142 2347 ut
173 2320 299 2360 opere
330 2312 510 2362 precium
545 2315 622 2364 est7
656 2310 898 2361 Apostolico
931 2310 972 2348 in
1005 2320 1124 2348 evum
1157 2309 1385 2360 patrocinio
1417 2309 1664 2348 communiri.

402 2408 432 2440 E
456 2408 664 2440 Pulkavae
686 2407 885 2440 chronico
909 2405 952 2438 ad
974 2415 1098 2437 anuum.
