2155 2928
1115 187 1183 227 32

221 335 328 389 aliis,
367 335 435 386 qui
477 334 591 372 iuxta
631 330 867 372 facultatem
907 334 949 369 et
989 328 1223 380 qualitatem
1265 336 1383 364 suam
1424 324 1518 363 illuc
1555 322 1784 363 bellatores
1816 322 1991 362 idoneos
2027 321 2067 362 in
2146 362 2149 374 ἶ

221 404 424 454 expensis
458 402 637 453 propriis
671 401 867 439 duxerint
894 395 1178 446 destinandos,
1211 404 1290 432 nec
1324 404 1405 431 non
1429 393 1497 443 qui
1529 391 1586 430 ad
1617 391 1933 431 subuentionem
1965 388 2069 430 fide·
2105 407 2108 410 >
2147 410 2149 415 .

220 472 314 510 lium
347 472 519 522 partium
560 468 782 508 earundem
817 467 868 506 de
910 465 1029 503 bonis
1062 462 1241 514 propriis
1281 471 1474 513 congrue
1506 460 1789 512 ministrarint,
1828 458 1896 497 uel
1929 459 1997 509 qui
2029 458 2069 498 in

222 539 370 578 alienis
404 538 605 588 expensis
640 537 732 574 illuc
765 533 1040 579 accesserint,
1074 530 1222 570 ibidem
1255 530 1307 568 ad
1341 530 1472 567 minus
1504 539 1580 578 per
1611 529 1732 567 unius
1765 528 1862 566 anni
1895 528 2070 577 spatium

222 607 434 650 seruituri..
467 606 580 644 iuxta
613 604 879 655 quantitatem
911 599 1086 639 subsidii
1118 602 1161 638 et
1193 597 1425 637 deuotionis
1464 595 1669 649 affectum,
1703 596 1810 634 illam
1843 595 2071 648 indulgen-

221 675 318 715 tiam
356 674 544 724 idemque
582 670 847 723 priuilegium
887 667 1130 720 elargimur,
1172 676 1253 716 que
1291 664 1604 716 transeuntibus
1643 666 1685 702 et
1726 663 2071 703 subuenientibus

224 743 265 781 in
303 746 417 782 terre
457 744 604 780 sancte
644 738 870 777 subsidium
910 734 1209 774 conceduntur.
1270 734 1478 772 Preterea
1518 737 1562 771 ut
1602 730 1805 783 prefatum
1844 732 2072 786 negotium,

224 822 304 862 quo
346 810 529 860 pluribus
570 807 777 859 contingit
817 804 951 844 iuuari
990 803 1198 856 remediis,
1244 801 1537 853 prosperitatis
1585 803 1726 850 optate
1765 800 1967 850 suscipiat
2006 799 2074 838 in-

224 882 486 931 crementum,
527 876 778 927 presentium
818 872 938 911 uobis
979 872 1227 910 auctoritate
1267 869 1547 921 concedimus,
1588 868 1695 919 quod
1735 868 1815 907 illis
1847 867 2074 907 earundem

224 947 403 985 ciuitatis
437 950 478 984 et
516 943 711 995 diocesis,
745 941 813 992 qui
853 939 905 979 ad
938 940 1202 990 sollempnem
1236 938 1561 989 predicationem
1583 941 1766 976 uestram
1798 935 2074 989 accesserint,

224 1015 377 1067 viginti
405 1014 494 1052 dies
522 1012 573 1050 de
600 1011 782 1048 iniuncta
814 1009 1043 1060 penitentia
1069 1008 1280 1060 relaxare,
1309 1017 1359 1045 ac
1391 1017 1531 1044 eorum
1557 1005 1753 1058 singulis,
1786 1004 1881 1043 illuc
1914 1007 2074 1054 sumpto

224 1086 394 1132 propter
433 1081 510 1119 hoc
550 1079 688 1117 crucis
729 1081 951 1116 caractere
992 1075 1272 1127 processuris,
1306 1074 1373 1125 qui
1416 1085 1490 1124 pro
1524 1073 1728 1112 incendiis
1771 1076 1814 1111 et
1852 1073 2074 1111 iniectione

224 1161 409 1189 manuum
434 1149 474 1186 iu
501 1147 679 1186 clericos
703 1146 773 1185 uel
802 1146 908 1184 alias
936 1145 1167 1198 religiosas
1190 1153 1396 1194 personas
1428 1140 1862 1181 excommunicationis
1886 1140 2075 1191 laqueum

223 1218 502 1269 incurrerunt,
535 1214 809 1254 absolutionis
832 1211 1076 1253 beneficium
1109 1213 1227 1251 iuxta
1249 1209 1419 1250 formam
1453 1210 1637 1250 ecclesie
1663 1209 1860 1260 impertiri
1893 1207 2076 1259 possitis.

223 1285 414 1337 Prouiso,
447 1288 491 1323 ut
522 1284 661 1334 passis
694 1282 871 1333 dampna
903 1285 945 1321 et
977 1281 1149 1320 iniurias
1182 1277 1447 1319 satisfaciant
1478 1281 1776 1329 competenter.
1838 1276 1925 1316 Illis
1957 1275 2074 1314 dum-

223 1357 342 1393 taxat
387 1353 593 1405 exceptis,
644 1362 813 1403 quorum
853 1361 1061 1389 excessus
1109 1348 1216 1388 adeo
1264 1351 1361 1387 sunt
1399 1346 1586 1386 difficiles
1629 1350 1671 1385 et
1718 1356 1924 1398 enormes,
1967 1342 2076 1396 quod

222 1422 365 1460 merito
406 1421 488 1459 siut
526 1419 579 1458 ad
620 1419 764 1458 sedem
795 1418 1064 1469 apostolicam
1096 1416 1345 1457 destinandi.
1408 1416 1559 1455 Datum
1591 1414 1810 1469 Anagnie,
1842 1412 1940 1453 XII.
1972 1411 2073 1452 Ka-

225 1490 372 1529 lendas
407 1489 616 1530 Octobris.
679 1485 950 1527 Pontificatus
983 1486 1115 1525 nostri
1149 1496 1258 1525 anno
1291 1484 1432 1535 primo.

532 1579 586 1618 Ex
610 1586 803 1627 originali
826 1586 858 1617 in
880 1585 1015 1618 archivo
1040 1583 1370 1626 praedicatorum
1395 1580 1727 1614 olomucensium.

1082 1749 1222 1789 XLV.

235 1855 521 1905 Wenceslaus,
544 1865 628 1893 rea>
650 1853 867 1902 Boe’mz'ae,
897 1851 1095 1904 hospitale}
1124 1864 1158 1890 s.
1189 1851 1374 1891 Joanm‘s
1398 1850 1576 1889 Brunae
1587 1849 1710 1901 jura,
1736 1859 1842 1900 qnae
1867 1848 1912 1887 in
1943 1846 2077 1886 vineis

254 1924 380 1976 βιαία
412 1924 608 1962 Branam
639 1921 825 1972 habebat,
868 1922 1043 1973 confert.
1108 1921 1178 1959 Dt.
1212 1922 1250 1958 et
1279 1922 1357 1959 act.
1398 1919 1588 1970 Prayae,
1629 1929 1770 1956 mense
1800 1913 2047 1968 Septembri,

1083 1988 1237 2028 1243.

400 2082 462 2144 In
494 2101 656 2141 nomine
697 2099 847 2140 domini
878 2109 1011 2139 amen.
1072 2099 1163 2138 Nos
1202 2097 1498 2137 Ufciicezlaus
1538 2095 1605 2135 dei
1644 2095 1797 2150 gracia
1830 2096 2072 2134 Boemorum

231 2180 310 2209 rex
341 2174 525 2221 quartuS.
574 2167 676 2210 Cum
709 2170 750 2208 in
781 2168 968 2208 humanis
1000 2167 1163 2207 actibus
1195 2166 1455 2217 plurimorum
1487 2167 1617 2218 gesta
1648 2164 1831 2203 virorum
1864 2163 2078 2202 illustrium

232 2239 476 2289 scriptorum
515 2239 633 2289 inops
673 2237 827 2277 deleuit
866 2236 1030 2276 obliuio.
1070 2246 1123 2275 ne
1163 2235 1280 2275 simul
1320 2237 1362 2273 et
1400 2244 1452 2273 ea
1494 2243 1574 2284 que
1616 2244 1692 2283 per
1732 2243 1810 2272 nos
1850 2234 1893 2271 et
1924 2230 2078 2270 nostris

233 2310 441 2358 geruntur
472 2306 736 2358 temporibus.
776 2305 895 2345 simili
926 2305 1159 2355 depereant
1197 2304 1371 2343 ratione.
1403 2301 1561 2341 salubri
1600 2301 1852 2353 prouidimus
1894 2299 2079 2339 consilio.

234 2378 278 2412 ut
309 2378 525 2426 gestorum
566 2376 680 2414 serie
718 2374 1045 2425 subscriptorum
1083 2373 1402 2412 transmittamus
1434 2371 1476 2409 in
1515 2371 1670 2421 scripto
1703 2369 1898 2409 memorie
1937 2371 2079 2419 poste·
2143 2363 2145 2375 '

236 2452 384 2480 rorum.
448 2440 621 2482 Cunctis
664 2444 794 2497 igitur
835 2446 916 2482 tam
957 2441 1223 2492 presentibus
1271 2451 1391 2491 quam
1429 2437 1589 2478 suturis.
1633 2442 1781 2477 tenore
1820 2435 2079 2488 presencium
2142 2446 2144 2458 ¹

237 2506 325 2548 fieri
356 2509 541 2549 uolumus
573 2509 840 2550 manifestum.
880 2510 989 2562 quod
1022 2522 1098 2549 nos
1135 2509 1355 2560 hospitalis
1394 2506 1429 2547 b.
1462 2506 1668 2547 Iohannis
1712 2505 1884 2558 baptiste
1921 2503 2079 2543 sancti·
2142 2539 2144 2541 ,

237 2588 315 2628 que
347 2577 515 2617 Antonii
541 2577 809 2619 confessoris.
841 2577 1040 2619 fratribus
1068 2579 1265 2617 vniuersa
1286 2577 1378 2617 iura
1402 2586 1483 2627 que
1515 2576 1556 2614 in
1587 2574 1791 2614 montibus
1823 2574 1914 2612 siue
1946 2570 2078 2612 vineis
2142 2566 2143 2590 ³
