2155 2928
1088 187 1117 225 2
1134 186 1291 245 [6—

223 335 421 384 episcopo
456 331 717 372 olomucensi
752 330 990 382 obligatam,
1031 326 1338 376 precedentium
1381 326 1605 375 principum
1647 324 1854 365 fatebatur
1894 326 2059 381 inuidia,

220 414 308 441 cum
343 400 475 439 felicis
508 400 697 438 memorie
729 397 937 436 lohannes
972 396 1207 445 episcopuS,
1241 405 1264 431 a
1292 393 1526 431 reuerendo
1561 397 1678 442 patre
1708 398 1849 432 nostro
1874 394 2058 434 Roberto

222 471 287 519 qui
329 470 368 507 in
410 468 708 518 presentiarum
750 468 814 502 est
853 464 1056 514 decimus,
1097 473 1119 499 a
1158 462 1351 511 principe
1392 462 1588 499 Mor-(mie
1623 460 1767 500 Ollone
1798 462 1948 512 Niyro,
1988 474 2058 512 pro

222 535 335 577 CCC
378 536 527 574 marcis
560 535 720 584 emerit,
754 532 805 569 ab
840 531 942 569 omni
977 529 1216 578 inpetitione
1250 533 1390 567 nostra
1425 532 1466 567 et
1497 539 1790 567 successorum
1833 534 2059 569 nostrorum

222 604 491 653 absoluimus,
525 602 800 651 sanctientes,
834 597 940 648 quod
974 597 1195 647 episcopus
1230 596 1540 648 Olomucensis,
1580 600 1622 635 et
1654 597 1744 635 eius
1786 607 2059 638 successores

222 672 381 722 plenam
415 672 455 708 in
488 682 537 708 ea
571 669 766 719 habeant,
800 667 904 703 omni
937 664 1220 714 impedimento
1255 668 1424 717 remoto,
1459 676 1531 714 pro
1567 665 1675 703 velle
1708 676 1782 703 suo
1816 664 2060 714 disponendi

221 738 470 778 facultatem.
535 734 635 776 Cum
667 739 800 773 autem
833 733 936 771 omni
971 732 1047 770 iuri
1081 732 1242 784 divino,
1275 733 1486 770 contraria
1521 732 1752 771 inoleuerat
1790 732 2059 787 consuetudo,

222 806 327 858 quod
377 804 606 844 decedente
647 803 842 852 episcopo
892 801 1001 839 bona
1048 800 1154 838 illius
1203 800 1243 839 in
1294 812 1394 838 vsus
1443 801 1668 850 principum
1716 800 2060 854 vendicabantur,

221 875 351 912 visum
399 871 471 911 suit
512 874 653 909 nostre
702 870 864 921 pietati,
907 868 1024 907 istam
1071 872 1150 907 tam
1191 869 1369 919 iniquam
1420 869 1592 907 abolere
1641 868 1981 907 consuetudinem
2021 873 2062 908 et

221 942 473 991 abusionem,
505 939 583 977 hoc
618 937 898 976 decernentes
932 935 1038 987 quod
1074 937 1210 975 vltima
1242 934 1328 974 fata
1362 936 1606 975 decedentis
1640 937 1840 989 episcopi,
1880 936 2060 977 ecclesie

221 1020 299 1046 non
334 1007 484 1045 cedant
517 1005 568 1044 ad
602 1005 897 1056 detrimentum,
931 1015 1021 1042 cum
1054 1005 1144 1042 eius
1178 1005 1355 1057 patroni,
1396 1005 1544 1043 beatus
1578 1004 1729 1043 Petrus
1769 1005 1982 1054 apostolus
2021 1007 2062 1044 et

220 1075 373 1113 Paulus
407 1078 448 1112 et
479 1072 579 1111 felix
612 1072 795 1122 martbyr
828 1072 1135 1111 u⁷eiicezlaus.
1170 1072 1278 1122 apud
1319 1072 1437 1111 deum
1470 1073 1612 1110 uiuant
1645 1074 1684 1111 in
1718 1077 1916 1111 eternum.
1969 1072 2060 1112 De-

219 1142 395 1181 cedente
428 1152 536 1194 ergo
571 1142 767 1191 episcopo
800 1143 931 1179 omnia
965 1141 1231 1191 episcopatus
1266 1144 1306 1179 et
1339 1141 1521 1179 ecclesie
1557 1140 1676 1194 bona,
1716 1141 1792 1179 sub
1835 1153 1954 1179 manu
1987 1140 2062 1179 de-

218 1210 311 1247 cani
344 1213 385 1247 et
417 1209 614 1259 prepositi
649 1209 832 1247 ecclesie
867 1208 994 1258 illius,
1035 1209 1206 1261 integra
1247 1209 1336 1247 eius
1369 1211 1610 1248 successori
1654 1214 1945 1258 reseruentur,
1985 1219 2062 1248 nec

217 1277 363 1327 aliquis
397 1288 447 1315 ea
481 1276 634 1315 audeat
667 1287 891 1328 occupare,
923 1277 991 1314 uel
1023 1278 1220 1329 minuere,
1254 1288 1330 1315 seu
1365 1277 1403 1315 in
1438 1289 1538 1315 vsus
1573 1278 1797 1326 principum
1822 1276 2061 1315 vendicare.

219 1343 408 1397 Contigit
441 1346 561 1383 etiam
595 1345 700 1395 quod
736 1345 788 1382 ab
822 1345 1002 1395 antiquis
1035 1345 1287 1394 temporibus
1321 1345 1505 1384 ecclesia
1539 1345 1607 1383 illa
1640 1345 1849 1395 preposito
1889 1345 2062 1383 carebat

217 1413 327 1451 vnde
360 1414 488 1451 uisum
522 1411 595 1451 fuit
628 1414 732 1462 patri
767 1418 909 1451 nostro
946 1413 1130 1451 Roberto
1165 1414 1362 1463 episcopo
1397 1414 1435 1451 in
1470 1424 1520 1452 ea
1559 1414 1810 1463 prepositum
1852 1413 2061 1465 ordinare,

218 1482 284 1532 qui
318 1482 529 1519 canonicis
564 1481 669 1519 illius
703 1481 886 1520 ecclesie
927 1481 1063 1520 debito
1105 1481 1221 1520 modo
1265 1481 1519 1533 prouideret,
1560 1485 1602 1520 et
1640 1492 1779 1519 eorum
1821 1480 2062 1519 necessitati

218 1549 505 1599 responderet.
576 1549 663 1589 Sed
717 1561 806 1588 cum
855 1549 1006 1588 deceat
1053 1550 1215 1603 regiam
1262 1561 1420 1588 manum
1469 1550 1620 1599 vbique
1662 1549 1805 1599 pluere
1850 1547 2061 1602 beneficia,

223 1618 484 1667 prepositure
527 1617 581 1656 illi
623 1618 915 1656 cancellariam
962 1622 1142 1656 nostram
1189 1629 1277 1656 cum
1325 1618 1424 1655 villa
1468 1628 1547 1668 que
1591 1621 1765 1655 vocatur
1805 1617 1970 1666 Vleerct,
2011 1616 2061 1656 ad

221 1697 337 1736 quam
373 1686 554 1724 decimus
583 1686 779 1725 denarius
808 1698 896 1724 cum
925 1686 1083 1724 decima
1110 1690 1339 1724 aratrorum
1368 1690 1596 1725 nostrorum
1623 1689 1800 1738 spectat,
1828 1690 1869 1724 et
1893 1686 2062 1724 omnium

223 1764 356 1792 rerum
397 1754 448 1792 ad
489 1755 701 1793 Vtilitatem
751 1759 932 1793 nostram
977 1755 1288 1806 pertinentium,
1330 1765 1385 1792 ex
1436 1755 1604 1807 integro
1651 1754 1892 1793 contulimus
1932 1754 2061 1792 inter-

221 1822 406 1860 dicentes
438 1826 481 1860 ut
513 1823 646 1861 nullus
680 1822 833 1861 audeat
864 1822 943 1861 hec
978 1823 1201 1874 immutare,
1235 1823 1434 1873 precipue
1467 1834 1555 1861 cum
1590 1822 1668 1861 hoc
1702 1825 1845 1861 nostre
1877 1821 2062 1860 liberali-

220 1891 313 1928 tatis
349 1890 507 1942 donum,
549 1892 814 1929 statuerimus
847 1891 887 1929 in
927 1891 1110 1929 ecclesia
1150 1890 1411 1930 Olomucensi
1452 1902 1550 1930 esse
1592 1895 1774 1929 nostrum
1813 1893 1855 1929 et
1893 1890 2062 1929 omnium

220 1958 442 2007 principum
478 1963 716 2008 perpetuum
744 1959 994 1997 memoriale.
1021 1959 1276 1997 Libertatem
1312 1959 1431 1997 etiam
1463 1959 1504 1996 in
1529 1959 1815 2009 episcoporum
1844 1957 2061 2010 electione,

221 2036 337 2074 quam
372 2026 530 2075 quidam
564 2028 774 2077 principes
802 2027 989 2076 inpedire
1016 2027 1208 2065 solebant
1233 2028 1447 2065 canonicis
1472 2027 1601 2076 ipsius
1628 2026 1811 2065 ecclesie
1836 2025 2061 2064 secundum

221 2092 307 2130 iura
351 2105 549 2132 canonum
590 2095 905 2147 celebrandam,
945 2095 1076 2133 libere
1124 2098 1164 2133 et
1204 2095 1394 2133 absolute
1435 2094 1699 2133 concedimus
1749 2098 1790 2132 et
1843 2105 1896 2132 ne
1944 2094 2062 2143 inpo-
2113 2091 2133 2149 η’

221 2165 371 2198 sterum
406 2162 589 2200 irritetur
623 2163 900 2214 probibemus,
934 2166 975 2201 et
1007 2164 1100 2213 quia
1135 2163 1321 2202 dominus
1363 2175 1469 2212 papa
1509 2161 1761 2201 confirmauit
1800 2162 2061 2214 priuilegium

221 2229 285 2265 aui
327 2230 455 2267 nostri
498 2234 539 2268 et
581 2234 933 2284 transgressores
977 2232 1366 2283 excommunicauit,
1409 2231 1498 2269 Nos
1542 2230 1638 2269 illud
1677 2230 1862 2269 uolumus
1902 2229 2058 2268 babere

222 2299 348 2333 ratum
384 2300 424 2335 et
457 2295 605 2336 firmum
638 2303 806 2351 tenere,
840 2299 1023 2349 ampliori
1063 2304 1199 2338 autem
1238 2303 1379 2338 nostre
1418 2298 1650 2337 deuotionis
1690 2297 1857 2349 affectu,
1897 2300 2061 2335 matrem

223 2367 400 2402 nostram
427 2364 739 2405 olomucensem
765 2368 963 2405 uenerari
990 2368 1211 2406 ecclesiam
1236 2367 1472 2405 omnimodis
1498 2367 1726 2417 cupientes.
1751 2366 1858 2405 hanc
1883 2365 2062 2419 gratiam

224 2430 366 2483 eidem,
400 2443 455 2470 ex
488 2444 599 2471 mera
634 2438 775 2473 nostre
809 2435 1085 2488 benignitatis
1118 2435 1366 2474 liberalitate
1410 2432 1672 2487 conserimus,
1711 2438 1754 2473 ut
1793 2442 2060 2484 quascunque

226 2499 514 2544 possessiones
564 2505 748 2540 emerunt
796 2503 981 2552 episcopi
1036 2503 1102 2541 uel
1150 2503 1339 2542 canonici
1388 2502 1547 2541 nornine
1600 2502 1782 2540 ecclesie
1830 2500 2060 2551 prescripta
2122 2493 2125 2538 ἑ

225 2564 441 2614 gaudeant
472 2566 675 2606 libertate.
738 2569 784 2609 Si
818 2581 919 2608 uero
955 2571 1153 2620 epicopus
1187 2570 1252 2608 uel
1287 2571 1410 2620 aliqui
1450 2581 1506 2608 ex
1546 2570 1759 2609 canonicis
1798 2571 1982 2609 emerunt
2020 2567 2059 2605 in
2120 2568 2123 2602 ἑ
