2155 2928
1116 141 1224 182 374

246 297 364 338 quam
393 285 590 324 heredum
620 297 794 325 suorum.
825 288 902 323 tam
933 283 972 321 in
1007 281 1174 321 Zwettl.
1207 292 1324 333 quam
1359 281 1399 320 in
1437 293 1548 321 nova
1580 280 1820 323 fundatione
1859 284 2084 335 perhennis

245 355 436 393 memoria
463 354 676 392 habeatur.
697 354 778 392 Pro
802 351 1051 391 habundanti
1068 354 1202 388 tamen
1228 349 1405 388 cautella
1423 348 1595 400 prefatis
1619 348 1816 390 fratribus
1844 351 1896 391 de
1915 352 2084 395 Zwettl.

244 421 337 461 dedi
373 434 444 473 pro
487 420 708 461 defensore
741 421 941 459 dominum
974 419 1230 468 Rapotonem
1273 417 1326 456 de
1359 417 1699 458 Valchenberch.
1739 423 1781 459 et
1819 417 1938 458 filium
1969 432 2083 462 suum

244 491 515 540 Rapotonem.
543 494 583 528 et
607 488 786 528 heredes
814 498 926 525 suos.
953 491 996 524 ut
1021 487 1057 524 si
1084 487 1151 536 qui
1180 489 1416 535 presentem
1442 497 1570 525 meam
1595 486 1766 526 liberam
1791 487 2080 529 venditionem.

244 561 286 596 et
305 555 471 596 fratrum
485 562 642 595 cautam
662 556 915 605 emptionem.
928 554 1275 603 adtemptaverint
1294 558 1541 593 retractare.
1559 566 1638 594 non
1658 558 1737 594 tam
1757 556 1833 594 ius.
1849 567 1968 607 quam
1987 557 2085 597 iuris

244 626 416 663 iniurias
437 623 702 663 fabric-autes.
722 634 810 661 cum
829 622 958 660 omnis
978 624 1017 660 in
1042 622 1121 661 hac
1145 623 1309 660 actione
1329 622 1409 661 litis
1435 623 1604 661 occasio
1629 624 1682 662 sit
1700 623 1856 662 decisa.
1877 623 2084 674 predictus

245 692 430 731 dominus
464 693 625 741 Rapoto
669 690 719 728 de
752 689 1092 728 Valchenberch.
1133 693 1174 728 et
1207 690 1372 740 Rapoto
1412 688 1516 729 filius
1549 702 1663 730 suus.
1704 695 1746 730 et
1788 691 1970 731 heredes
2007 693 2084 733 sui.

244 760 426 798 eiusdem
460 758 739 808 possessionis
773 757 970 795 reddituS.
1011 769 1085 807 pro
1128 757 1230 807 ipsis
1269 757 1431 796 stando.
1471 759 1576 798 tueri
1618 770 1669 797 ac
1702 757 1930 798 defendere
1962 763 2083 799 tene-

243 832 375 865 antur.
408 825 628 864 secundum
663 826 725 863 ius
757 829 871 864 terre
903 825 1077 864 Austrie
1109 826 1332 878 generale.
1387 826 1573 865 Tandem
1607 837 1770 879 quoque
1803 825 2083 868 defensionem

242 897 401 932 sumunt
439 894 514 930 sibi
551 892 699 945 Vitigo
742 892 794 931 de
835 892 1011 931 anlitz.
1051 893 1274 946 Hogerius
1315 894 1367 932 de
1402 894 1700 947 §vitigenauffl
1739 895 1995 934 wilhelmus
2033 895 2084 936 de

241 960 439 1010 Syzinko.
473 960 731 998 Zumbracus
765 959 816 998 de
849 960 968 999 Linz.
1002 965 1146 999 contra
1181 972 1322 1000 omnes
1356 961 1538 1000 heredes
1571 963 1609 1001 in
1628 963 1796 1002 Boemia
1824 964 2083 1009 constitutos.
2153 986 2155 1013 ἑ

244 1028 295 1069 Ut
325 1032 457 1066 autem
492 1027 610 1066 huius
643 1028 893 1067 venditionis
927 1033 968 1067 et
1000 1030 1215 1079 emptionis
1249 1040 1476 1079 processus
1509 1034 1747 1081 perpetuam
1779 1031 1933 1070 habeat
1959 1029 2088 1070 firmi-.
2153 1030 2155 1033 ’

240 1099 375 1134 tatem.
409 1106 585 1145 presens
617 1097 900 1135 testimonium.
934 1101 999 1136 est
1031 1097 1159 1150 sigilli
1186 1099 1261 1136 mei
1288 1101 1328 1136 et
1354 1097 1498 1136 domini
1528 1099 1758 1148 Rapotonis
1792 1098 1844 1138 de
1862 1098 2082 1139 Valchen-

2151 1092 2153 1138 j

242 1163 369 1201 berch
400 1164 549 1201 robore
576 1165 868 1203 communitum.
888 1165 1063 1204 testibus
1088 1165 1266 1215 ydoneis
1291 1165 1576 1204 nichilominus
1602 1167 1847 1205 subnotatis.
1888 1165 1967 1214 Qui
1990 1169 2084 1207 sunt
2150 1184 2153 1205 l

241 1231 406 1271 Ulricus
439 1231 490 1269 de
523 1231 810 1270 Newenhaus.
852 1233 1021 1273 Uli-icus
1064 1233 1115 1271 de
1151 1233 1349 1271 Lomnitz.
1395 1233 1590 1283 Bvdiboy
1631 1233 1682 1272 de
1714 1234 1888 1273 anlitz.
1928 1234 2076 1288 Vitigo
2150 1235 2151 1267 l

240 1299 290 1337 de
336 1297 601 1338 cin-umnow.
664 1300 812 1340 XVoko
861 1305 902 1340 et
950 1301 1096 1340 Zezen
1146 1299 1298 1340 fratres
1346 1300 1398 1339 de
1447 1300 1734 1355 &Vitignawe
1806 1303 1971 1352 Rapoto
2025 1302 2078 1342 de
2148 1299 2151 1354 3

239 1366 577 1406 Valchenberch.
617 1371 658 1406 et
700 1369 862 1418 Rapoto
908 1367 1012 1407 filius
1057 1381 1171 1407 suus.
1220 1369 1446 1423 pilgrimus
1489 1369 1541 1408 de
1579 1369 1898 1410 Swarzenawe.
1954 1370 2074 1410 Hen-
2146 1369 2149 1420 j

240 1434 350 1473 ricus
383 1432 512 1474 frater
544 1436 647 1474 eius.
682 1434 913 1476 Chatoldus
946 1436 1050 1476 filius
1082 1437 1286 1490 Pilgrimi.
1326 1435 1530 1476 Rudolfus
1564 1437 1839 1488 purchrauius
1872 1438 1924 1477 de
1956 1438 2079 1480 Gors.
2146 1449 2148 1500 ζ

240 1502 368 1555 Ilugo
410 1502 561 1541 'l'urso.
611 1508 651 1543 et
690 1504 876 1543 Hadmar
914 1503 1044 1544 frater
1084 1506 1187 1544 eiuS.
1253 1505 1346 1544 Otto
1388 1505 1440 1544 de
1479 1506 1790 1545 Rastenberch.
1838 1511 1880 1546 et
1927 1507 2082 1547 Albero
2145 1535 2146 1538 ,

238 1567 367 1608 frater
400 1571 489 1608 eius
532 1576 571 1610 et
611 1572 678 1610 alii
713 1584 832 1623 quam
866 1572 1020 1623 plures.
1083 1574 1194 1612 Acta
1235 1577 1330 1612 sunt
1371 1573 1448 1612 hec
1489 1585 1597 1612 anno
1638 1574 1800 1613 domini.
1847 1575 2081 1615 Millesimo.
2144 1575 2146 1622 ξ

241 1637 531 1677 ducentesimo.
564 1641 853 1694 sexagesimo.
887 1642 1039 1692 quinto.
1074 1641 1113 1679 in
1146 1639 1254 1681 festo
1289 1641 1398 1680 beati
1431 1641 1591 1683 Urbani
1625 1653 1746 1693 pape.

544 1737 598 1769 Ex
621 1738 816 1780 originali
840 1737 1025 1780 ejusdem
1049 1740 1235 1770 monasterii
1259 1749 1330 1770 cum
1354 1739 1479 1772 duobus
1503 1740 1619 1782 sigillis
1643 1742 1810 1782 appensis.

1017 1902 1318 1945 COCLXXH.

241 2002 418 2041 Fratres
452 2006 490 2042 el
519 2006 820 2056 con-sanquinei
842 2005 1071 2046 Ludmilae
1097 2005 1147 2045 de
1172 1994 1280 2059 1}ng
1302 2006 1453 2046 cedant
1474 2007 1525 2046 de
1545 2008 1649 2059 jure
1678 1989 1754 2046 suo
1779 2009 1823 2047 in
1854 2006 2081 2047 redditibus

300 2071 342 2109 z‘n
392 2071 697 2125 Wallcersdorf,
739 2085 841 2125 quos
875 2085 1017 2113 eorum
1059 2086 1183 2113 soror
1215 2077 1466 2114 monasterio
1500 2076 1729 2115 Zwellensi
1767 2075 2022 2115 vendiderat.

833 2143 938 2181 Acta
971 2141 1038 2181 die
1068 2143 1148 2181 25.
1180 2144 1305 2195 Maje',
1344 2143 1495 2183 1265.

2056 2155 2060 2161 .
2132 2099 2136 2162 ³³

2131 2200 2135 2229 1

380 2230 494 2290 Nos
527 2251 676 2304 Vitigo
709 2251 762 2291 de
793 2252 956 2291 anlitz
988 2253 1223 2306 Hoygerus
1248 2252 1300 2292 de
1317 2252 1384 2292 W
1386 2253 1604 2307 itigenow.
1637 2251 1805 2292 fratres.
1825 2253 2079 2293 VVilhelmus
2131 2252 2133 2289 i

242 2314 293 2352 de
326 2316 502 2370 Sizingo
547 2323 588 2357 et
621 2320 881 2359 Zumbracus
920 2320 972 2359 de
1004 2320 1124 2359 Linz.
1167 2321 1262 2359 vice
1303 2332 1491 2360 sororum
1524 2325 1756 2360 nostrarum
1791 2320 2013 2361 Gerlrudis
2044 2320 2083 2359 et
2129 2316 2132 2354 ἶ

244 2381 358 2431 que,
392 2395 469 2422 nec
501 2398 580 2424 non
615 2391 656 2425 et
689 2389 874 2440 omnium7
913 2388 965 2427 ad
999 2400 1103 2439 quos
1136 2389 1373 2439 subscripta
1407 2389 1619 2428 hereditas
1654 2389 1819 2429 videtur
1851 2389 2079 2441 aliqualiter
2128 2402 2131 2409 ¹

243 2448 437 2488 derivari.
472 2458 604 2491 notum
632 2453 801 2494 facimus
826 2458 1050 2495 universis.
1085 2461 1304 2507 presentes
1330 2458 1581 2507 inspecturis
1606 2457 1766 2496 litteras
1790 2460 2076 2507 protestantes.
2128 2486 2129 2495 ,

244 2517 348 2566 quod
382 2522 625 2559 unanimiter
657 2523 919 2577 abnegamus
952 2535 1071 2563 omne
1111 2526 1174 2563 ius
1214 2524 1321 2576 quod
1362 2525 1482 2564 nobis
1520 2525 1775 2564 hereditaria
1807 2525 2076 2564 successione
