2155 2928
907 191 974 233 57

840 367 1044 409 LXXIII.

26 470 143 514 Idem
180 474 273 525 reyi
309 472 512 512 Boe'miae
542 472 787 512 Brunonem
818 470 1020 510 ecclesiae
1052 470 1342 511 olomucensis
1384 469 1556 508 electum
1595 467 1863 507 commendat.

418 541 490 580 Dt.
522 540 740 591 Lnydum’,
772 539 903 578 XIII.
935 539 1037 578 Kal.
1072 538 1276 589 Octobris,
1316 537 1465 577 1245.

195 632 474 693 Innocentius
509 652 730 701 episcopus
762 661 912 688 seruus
943 660 1158 688 seruorum
1191 648 1269 687 dei.
1323 649 1479 687 Illustri
1513 677 1522 687 .
1556 677 1565 686 .
1598 648 1716 700 Regi
1748 647 1865 686 Boe-

25 721 102 760 mie
127 720 299 759 salutem
326 723 368 759 et
393 720 659 771 apostolicam
685 718 1028 757 benedictionem.
1077 716 1178 757 Cum
1204 717 1243 756 id
1273 717 1379 768 quod
1408 717 1459 756 de
1489 716 1690 757 Cunrado
1715 714 1865 754 factum

26 786 100 827 fuit
136 788 176 826 in
218 787 400 827 ecclesia
440 787 702 826 olomucensi
735 815 744 825 .
778 815 788 825 .
821 815 830 824 .
863 787 959 834 (etc.
1000 788 1046 823 ut
1083 786 1127 823 in
1163 784 1436 836 praecedente
1476 785 1649 836 epistola
1683 783 1865 835 capitulo

25 857 170 906 missa,
201 854 338 894 verbis
369 857 638 906 competenter
669 855 833 893 mutatts
855 865 1011 904 usqne.
1030 882 1040 892 .
1059 855 1106 903 ‚j
1140 854 1407 892 incrementa.
1453 853 1638 904 Ideoque
1673 853 1865 906 regalem

27 923 315 962 excellentiam
355 926 511 961 attente
551 922 783 975 rogandam
832 921 1018 960 duximus
1065 926 1106 960 et
1144 921 1398 973 monendam7
1446 924 1650 972 quatenus
1691 920 1863 959 eundem

27 991 333 1040 Baunonem)
367 990 540 1029 electum
572 990 754 1028 ecclesie
786 989 1024 1039 supradicte
1064 1001 1113 1028 ac
1147 990 1236 1027 eius
1276 990 1573 1039 procuratores
1610 992 1652 1028 et
1682 989 1862 1041 nuntios,

26 1069 105 1097 nec
146 1070 227 1096 non
268 1062 309 1097 et
350 1059 573 1096 canonicos
614 1058 681 1108 qui
723 1069 795 1107 pro
837 1057 1020 1096 ecclesie
1065 1058 1142 1095 iam
1186 1057 1294 1096 dicte
1333 1058 1571 1107 prouisione
1619 1056 1671 1095 ad
1711 1056 1865 1097 Sedem

27 1125 295 1176 apostolicam
333 1130 620 1179 accesserunt,
659 1125 847 1177 benigne
889 1125 1098 1175 recipiens
1138 1129 1179 1163 et
1217 1124 1393 1163 honeste
1434 1128 1711 1177 pertractans,
1751 1124 1865 1174 ipsos

27 1196 68 1231 et
113 1193 190 1231 iam
235 1193 380 1231 dictam
428 1193 647 1231 ecclesiam
693 1191 838 1231 sauore
886 1194 1010 1246 regio
1059 1192 1364 1245 prosequendo7
1406 1192 1568 1231 habeas
1615 1193 1866 1242 propensius

27 1260 345 1312 commendatos,
388 1272 438 1299 ac
471 1261 559 1299 iura
600 1264 641 1299 et
672 1261 967 1311 possessiones
1010 1262 1138 1311 ipsius
1172 1261 1355 1299 ecclesie
1396 1264 1666 1299 manuteneas
1706 1263 1748 1298 et
1787 1259 1865 1298 de-

25 1325 188 1381 fendas⁷
220 1328 507 1367 molestatores
540 1339 692 1381 eorum7
725 1329 762 1367 si
793 1339 972 1367 necesse
1005 1327 1140 1382 suerit,
1181 1332 1387 1379 potestate
1419 1329 1491 1367 tibi
1524 1340 1549 1367 a
1582 1328 1741 1367 domino
1774 1331 1866 1367 tra-

28 1395 112 1433 dita
160 1396 476 1448 compescendo,
515 1397 571 1434 ita
621 1396 725 1447 quod
767 1407 823 1435 ex
870 1396 948 1435 hoc
995 1397 1226 1435 seculorum
1272 1397 1430 1436 domino
1473 1396 1659 1449 placeas7
1709 1400 1750 1435 et
1789 1407 1865 1434 nos

27 1463 280 1502 sinceritatis
319 1467 387 1502 tue
435 1464 565 1502 zelum
605 1466 807 1514 possimus
854 1464 996 1517 dignis
1036 1465 1076 1503 in
1126 1465 1284 1503 domino
1332 1464 1522 1502 laudibus
1565 1463 1866 1503 commendare.

27 1530 125 1570 Dat.
156 1531 357 1585 Lugduni
389 1531 507 1570 XIII.
539 1532 634 1570 Kal.
670 1531 876 1572 Octobris.
938 1531 1208 1571 Pontificatus
1240 1533 1369 1571 nostri
1402 1543 1510 1571 anno
1543 1533 1678 1571 tertio.

333 1637 387 1668 Ex
411 1637 545 1669 eodem
568 1638 750 1680 Regesto
771 1657 815 1662 ——
838 1640 932 1680 epist.
959 1635 1046 1670 164.

844 1805 1049 1845 LXXIV.

198 1897 261 1955 In
293 1914 466 1953 eundem
497 1914 663 1953 modum
695 1915 900 1969 „Agnetb
933 1916 1066 1954 sorori
1099 1915 1328 1955 charissimi
1361 1916 1400 1954 in
1435 1914 1602 1956 Christo
1635 1915 1702 1955 filii
1734 1918 1865 1957 nostri

29 1980 197 2020 illustris
238 1982 379 2035 Regis
420 1983 616 2021 Boemiae
664 1983 818 2021 ordinis
858 1995 892 2021 s.
933 1984 1148 2022 Francisci
1188 1984 1450 2037 Pragensis'
1491 2014 1501 2023 .
1542 2014 1551 2023 .
1593 1987 1689 2036 (etc.
1727 1985 1866 2024 verbis

29 2052 299 2100 competenter
331 2051 496 2088 mundis
535 2063 664 2101 usque
696 2080 706 2090 .
739 2080 748 2089 .
782 2080 791 2089 .
824 2053 844 2099 )
886 2051 1102 2104 „laudibus
1143 2052 1442 2091 commendare.
1505 2053 1692 2104 Ideoque
1733 2053 1866 2092 deuo-

27 2117 177 2155 tionem
215 2121 321 2155 tuam
362 2117 601 2156 monendam
643 2118 829 2158 duximus
880 2121 1075 2158 attentius
1117 2123 1159 2159 et
1198 2120 1454 2174 hortandam7
1501 2121 1540 2159 in
1582 2122 1866 2160 remissionem

26 2184 98 2223 tibi
130 2188 287 2223 tuarum
321 2186 595 2235 peccaminum
636 2187 920 2239 iniungentes,
954 2191 1156 2237 quatenus
1197 2188 1370 2227 eundem
1402 2190 1570 2242 Regem
1611 2190 1663 2228 ad
1702 2189 1741 2228 id
1775 2188 1866 2229 effi-

28 2252 187 2290 caciter
225 2263 394 2291 moneas
437 2256 478 2291 et
516 2253 704 2307 inducas7
736 2255 792 2293 ita
825 2255 932 2305 quod
972 2255 1190 2308 diligentie
1231 2260 1300 2295 tue
1340 2257 1515 2296 studium
1558 2261 1759 2308 appareat
1791 2269 1867 2309 per

28 2317 227 2372 effectum,
261 2324 301 2359 et
333 2333 408 2359 nos
440 2321 752 2360 sollicitudinem
793 2326 899 2362 tuam
930 2324 1073 2362 merito
1114 2325 1454 2364 commendemus.
1517 2326 1615 2364 Dat.
1648 2326 1865 2381 Lugduni,

26 2387 123 2427 XII.
154 2388 250 2427 Kal.
285 2387 491 2428 Octobris.
553 2389 820 2430 Pontificatus
853 2392 983 2430 nostri
1016 2403 1122 2431 anno
1154 2393 1313 2432 tertio.'⁷
1377 2393 1581 2445 (1245).

332 2494 384 2525 Ex
409 2494 541 2526 eodem
565 2496 746 2537 Regesto
769 2515 811 2520 —-
834 2499 928 2538 epist.
953 2495 1044 2529 165.
