2155 2928
1077 152 1181 192 312

206 302 486 354 impendimus,
526 300 592 352 qui
633 310 720 338 eam
752 300 951 347 tamquam
992 293 1094 344 ipsis
1127 291 1317 342 debitam,
1357 289 1535 339 propriis
1568 287 1736 328 student
1767 288 1845 328 sibi
1878 286 1970 329 fidei
2000 294 2041 332 et

206 371 447 409 constancie
487 369 639 407 meritis
679 365 918 404 vendicare.
981 360 1097 400 Sane
1145 360 1313 397 sincere
1355 357 1597 396 deuocionis
1637 355 1824 409 allectus,
1864 362 1906 396 et
1951 356 2040 399 fidei

206 439 363 489 puritas
397 435 621 487 indefesse,
646 445 762 484 quam
795 428 1054 469 reuerendus
1088 429 1127 466 in
1154 425 1321 466 Clu-isto
1355 429 1487 477 pater,
1515 425 1700 463 dominus
1731 425 1895 476 Bruno,
1920 437 2043 464 vene-

206 506 352 545 rabilis
395 503 682 544 olomucensis
729 499 902 538 ecclesie
942 497 1177 547 episcopus,
1224 504 1334 546 erga
1375 496 1556 531 nostram
1603 493 1868 531 incessanter
1907 494 2042 546 gessit

206 574 503 623 celsitudinem,
546 572 650 608 iuste
690 578 740 606 ac
778 565 1041 604 laudabiliter
1079 566 1351 614 promeretur,
1391 560 1496 611 quod
1540 571 1622 599 non
1661 560 1791 598 solum
1831 560 1972 614 ipsum,
2003 564 2043 602 et

207 640 518 680 olomucensem
564 636 782 676 ecclesiam
823 643 1120 683 prosequamur
1168 631 1320 684 gracia
1367 633 1409 668 et
1456 626 1625 681 saum-e3
1674 629 1950 667 verumeciam
1990 639 2044 669 ex

206 708 457 747 habundanti
493 708 631 744 nostre
669 701 928 741 liberalitatis
968 697 1266 750 munificencia,
1306 708 1394 735 cum
1435 694 1708 735 benefecisse
1749 696 1868 734 bonis
1909 696 1961 735 sit
1992 707 2045 736 ex

207 777 310 815 omni
354 778 470 825 parte
509 774 727 822 lucrosum,
770 769 917 819 quibus
960 778 1176 819 possumus
1217 765 1443 804 honoribus
1484 768 1526 803 et
1567 762 1822 815 profectibus
1861 764 2045 804 attollere

207 844 442 882 debeamus.
508 841 614 878 llinc
654 841 719 876 est
761 837 865 887 quod
909 836 1109 886 inspectis
1150 835 1345 873 set-uictis
1383 831 1682 884 multiplicibus
1723 835 1842 883 alque
1872 833 2044 886 maqnis,

206 923 282 962 que
318 922 400 948 non
439 909 528 946 sine
564 907 692 956 ‚qrcmi
728 916 907 956 persone
945 916 1019 942 sue
1055 903 1258 954 periculo,
1298 904 1336 939 et
1364 901 1553 939 maximo
1591 912 1732 939 rerum
1771 912 1944 938 suarum
1982 900 2047 939 di-

206 977 390 1029 spendio,
416 975 572 1014 iamdiu
601 972 719 1012 nobis
742 984 821 1024 pro
848 971 1092 1024 defensione
1123 973 1245 1019 terre,
1280 972 1319 1008 et
1342 968 1515 1007 honoris
1539 970 1685 1019 nostri,
1711 971 1855 1006 contra
1886 969 2047 1007 nostros

204 1044 475 1083 aduersarios
525 1041 722 1092 impendi!
755 1040 946 1092 fideliler,
995 1040 1150 1079 Vtiliter
1199 1043 1240 1077 et
1282 1037 1522 1090 prudenter,
1570 1040 1615 1075 vt
1657 1037 1769 1090 regii
1816 1034 1971 1075 fauoris
2008 1039 2048 1076 et

203 1112 353 1165 gracie
396 1109 617 1162 plenitudo,
656 1110 769 1147 circa
809 1109 873 1147 sui
913 1111 955 1147 et
995 1107 1178 1146 ecclesie
1218 1117 1294 1145 sue
1335 1106 1507 1145 honoris
1547 1108 1589 1144 et
1627 1105 1785 1144 comodi
1819 1105 2047 1155 promocio-

205 1191 309 1231 nem,
349 1178 576 1217 liberaliter
620 1177 892 1229 extendatur3
939 1176 1082 1214 damus
1125 1178 1166 1214 et
1205 1174 1484 1224 concedimus,
1533 1176 1575 1212 et
1613 1171 1862 1212 conserimus
1901 1173 1978 1223 ipsi
2009 1175 2048 1212 et

205 1248 385 1287 ecclesie
424 1257 500 1284 sue
539 1247 700 1284 nomine
740 1257 830 1298 suo,
873 1248 914 1284 et
953 1245 1082 1294 ipsius
1123 1242 1444 1282 successoribus
1484 1242 1524 1280 in
1564 1241 1722 1293 eadem,
1763 1241 1829 1291 pia
1868 1244 1909 1279 et
1941 1251 2048 1280 mera

203 1315 463 1367 liberalitate,
502 1318 624 1353 totum
659 1314 884 1352 districtum
924 1313 1071 1363 Halyn
1109 1323 1197 1350 cum
1235 1313 1325 1361 ipsa
1364 1308 1523 1348 forensi
1564 1309 1661 1348 villa
1702 1309 1848 1359 Halyn
1886 1311 1927 1347 et
1958 1307 2046 1347 aliis

204 1384 312 1422 villis
352 1383 402 1421 ad
445 1384 573 1432 ipsam
614 1381 901 1432 spectantibus
940 1381 1169 1420 Pruweziz
1205 1379 1417 1429 Nemee-ziz,
1457 1381 1499 1417 et
1530 1376 1763 1429 Allendorf
1796 1388 1884 1416 cum
1921 1377 2047 1415 omni-

205 1451 281 1490 bus
314 1451 548 1490 attinenciis
576 1452 677 1503 suis,
710 1451 845 1503 agris,
873 1449 992 1488 cultis
1026 1452 1067 1487 et
1092 1448 1269 1500 incultis,
1301 1447 1431 1500 siluis,
1458 1445 1708 1498 nemoribus,
1734 1445 2046 1498 venacionibus,

206 1520 386 1570 pascuis,
429 1519 574 1571 pratis,
623 1519 756 1569 aquis,
805 1521 846 1556 et
888 1529 1086 1568 aquarum
1127 1515 1388 1567 decursibus,
1430 1514 1751 1567 piscacionibus,
1793 1512 2045 1567 molendinis,

206 1588 424 1640 theloneis,
466 1588 543 1625 viis
584 1591 625 1626 et
671 1587 805 1638 inuiis,
854 1587 945 1624 iure
986 1585 1106 1635 pleno
1155 1587 1196 1623 et
1235 1583 1519 1621 iurisdictione
1559 1580 1762 1634 perfecta,
1810 1592 1885 1632 per
1924 1582 2048 1632 ipsum

206 1657 456 1708 episcopum,
499 1659 540 1694 et
572 1665 850 1693 successores
890 1655 1033 1705 ipsius,
1067 1656 1108 1691 et
1141 1652 1324 1690 ecclesie
1364 1652 1525 1689 nomine
1565 1662 1656 1703 suo,
1697 1661 1787 1689 cum
1820 1650 2050 1700 iurepatro-

205 1729 325 1762 natus
359 1724 540 1762 ecclesie
574 1724 613 1761 in
639 1723 796 1774 Halyn.
825 1726 1025 1773 perpetue
1054 1720 1358 1771 possidendum.
1392 1718 1725 1770 quemadmodum
1759 1719 2051 1771 progenitores

206 1793 350 1844 nostri,
384 1796 424 1830 et
457 1804 531 1830 nos
565 1791 615 1830 ad
649 1791 729 1829 hec
761 1795 947 1841 tempora
980 1790 1229 1828 dinoscimur
1262 1788 1519 1838 possedisse.
1582 1787 1721 1840 Igitur
1753 1797 1806 1825 ne
1840 1787 1879 1824 in
1913 1788 2051 1836 poste-

206 1871 293 1898 rum
333 1860 559 1910 calumpnia
600 1859 883 1898 modernorum
928 1862 1090 1897 actuum
1136 1867 1335 1909 nouerca,
1379 1855 1566 1894 inuenire
1606 1854 1749 1893 ualeat
1788 1855 1867 1893 sibi
1910 1854 2050 1906 locum,

209 1928 275 1965 vel
309 1928 439 1966 dictus
480 1929 717 1980 episcopus,
752 1930 822 1966 aut
861 1937 1137 1966 successores
1180 1926 1324 1977 ipsius,
1366 1927 1407 1963 et
1449 1924 1632 1962 ecclesia
1675 1923 1896 1973 inquietari
1928 1931 2050 1972 super

208 1998 419 2046 premissis
461 2007 534 2046 per
574 1997 733 2046 aliquos
776 1995 915 2034 valeat
962 1993 1199 2045 infuturum,
1250 2003 1429 2043 presens
1476 1993 1785 2030 instrumentum
1823 1990 2050 2043 sigillorum

209 2068 439 2102 nostrorum
473 2066 686 2102 munimine
727 2064 1020 2116 consignitum,
1056 2073 1144 2100 cuni
1178 2061 1484 2111 subscriptione
1526 2060 1688 2098 testium
1722 2059 1788 2109 qui
1822 2062 1917 2097 tunc
1950 2056 2051 2096 ade-

210 2138 315 2183 rant,
349 2134 449 2182 ipsis
484 2133 668 2171 dedimus
702 2132 753 2171 ad
788 2132 1000 2170 cautelam.
1056 2131 1211 2169 Testes
1245 2130 1365 2168 liuius
1399 2129 1459 2166 rei
1493 2132 1610 2166 sunt:
1643 2127 1912 2175 widericus,
1941 2125 2051 2178 silius

211 2199 373 2237 domine
420 2199 710 2248 &serburh-9)
759 2199 926 2238 ducisse
973 2198 1024 2237 de
1071 2196 1350 2237 ludenburcloe.
1406 2196 1689 2247 asenneus)
1736 2195 1852 2247 filius
1900 2192 2073 2232 doniim'-

211 2267 265 2305 B.
307 2268 424 2306 duci-s·
464 2268 618 2308 sle-zie.
658 2268 906 2306 Ilerbordus
950 2268 1184 2317 prepositus
1229 2264 1527 2304 olomucensis.
1571 2261 1803 2313 Heydolsus
1843 2261 2051 2300 archidia-

214 2346 342 2373 conus
384 2335 672 2385 Znoymensis.
717 2334 970 2374 Cliunradus
1012 2335 1196 2372 notarius
1241 2333 1368 2383 ipsius
1418 2332 1602 2382 episcopi
1645 2331 1944 2370 Olomucensis.
1987 2328 2051 2368 De

214 2401 393 2440 Boemia.
427 2403 599 2442 Wocko
633 2404 890 2442 marscalcus
914 2403 1039 2456 regni
1064 2402 1247 2440 Boemie.
1281 2402 1491 2439 leroscins
1525 2400 1770 2450 purcrauius
1804 2396 2050 2451 Pragensis.

218 2468 343 2507 Zmilo
387 2470 436 2508 de
479 2471 788 2509 liulitcnburcli.
830 2471 1027 2509 Andreas
1075 2481 1252 2508 summus
1300 2469 1556 2507 camerarius
1606 2468 1744 2520 regni.
1792 2467 2051 2505 Hei-mannus

216 2536 560 2577 subcamerarius.
609 2539 838 2577 Diwiscius
887 2537 1060 2590 dapifer.
1108 2537 1315 2579 Stiborius
1355 2537 1532 2576 Hlauua.
1580 2534 1720 2575 Onsco
1761 2535 2050 2586 subpincerna.
