2155 2928
1084 130 1190 170 3:34

221 279 331 319 Nulli
370 289 479 332 ergo
519 278 678 317 omnino
711 275 908 314 hominum
949 273 1084 321 liceat,
1117 270 1225 309 hanc
1259 270 1456 323 paginam
1489 272 1633 309 nostre
1667 269 1984 311 denuntiationis
2016 275 2056 314 et

222 346 544 397 dispensationis
587 343 833 395 infringere7
874 341 941 379 vel
983 340 1020 378 ei
1053 350 1157 377 ausu
1197 339 1416 377 temerario
1458 339 1680 377 contraire.
1743 339 1885 389 Siquis
1926 345 2057 381 autem

223 415 301 454 hoc
341 420 581 464 attemptare
616 410 924 462 presumpserit7
965 407 1292 460 indignationem
1332 407 1620 456 omnipotentis
1660 405 1726 445 dei
1767 410 1808 445 et
1848 407 2058 449 beatorum

224 483 338 522 Petri
380 488 421 521 et
461 482 575 520 Pauli
615 478 888 530 apostolorum
928 476 1017 514 eius
1057 485 1105 513 se
1139 474 1302 512 nouerit
1333 475 1604 513 incursurum.
1677 475 1827 513 Datum
1868 475 2056 531 Viterbii,

227 551 325 590 xli.
358 550 451 588 Kal.
485 549 599 588 Maii.
661 543 926 585 Pontificatus
960 543 1091 581 nostri
1122 553 1231 581 anno
1264 542 1405 593 primo.

528 654 581 685 Ex
610 650 865 691 autographo
894 649 1079 689 Regesto
1107 648 1259 682 Urbani
1289 657 1397 690 papae
1429 647 1487 681 lv.
1517 650 1591 681 tom.
1623 647 1658 680 2.
1692 650 1765 680 anni
1796 649 1824 680 1.
1856 648 1911 681 fol.
1941 647 2002 681 58.
2028 650 2059 684 ln

630 702 838 733 tabulariis
861 700 1086 732 Vaticanis.

982 862 1313 906 CCCXXXIX.

223 979 340 1018 Idem
371 977 586 1030 confirmat
610 976 810 1016 ecclesiae
835 975 1103 1016 olomucensi
1122 976 1390 1027 privilegium
1419 976 1534 1027 regis
1560 975 1761 1027 Piemysl
1785 987 1911 1028 super
1937 975 2062 1016 liber-

283 1046 429 1085 latibus
469 1048 506 1084 el
533 1045 779 1097 fundatione
807 1045 1138 1096 praepositurae.
1202 1045 1274 1084 Dc.
1321 1043 1504 1096 Vicerbii,
1537 1044 1592 1084 X.
1626 1044 1848 1084 Kalendas
1880 1045 2004 1097 Maji,

1070 1113 1223 1153 1262.

361 1205 581 1266 Vrbanus
615 1224 837 1275 episcopus
870 1235 1021 1263 seruus
1053 1235 1269 1263 seruorum
1301 1222 1381 1262 dei.
1443 1223 1687 1265 Uenerabili
1716 1221 1833 1263 fratri
1866 1223 2062 1275 episcopo

225 1297 266 1332 et
297 1292 461 1332 dilectis
503 1291 593 1331 liliis
627 1293 807 1342 capitulo
843 1292 1111 1332 olomucensi
1142 1292 1315 1331 salutem
1349 1295 1390 1331 et
1422 1292 1689 1342 apostolicam
1722 1291 2062 1332 benedictionem.

226 1362 348 1400 Iustis
383 1362 603 1411 petentium
643 1360 864 1399 desideriis
907 1360 1077 1414 dignum
1114 1364 1192 1413 est7
1231 1372 1307 1399 nos
1347 1358 1508 1399 facilem
1548 1361 1728 1411 prebere
1761 1371 1992 1414 assensum,
2024 1362 2066 1401 et

225 1434 320 1468 uota
361 1440 439 1480 que
473 1441 496 1467 a
530 1430 701 1467 rationis
742 1429 901 1468 tramite
943 1441 1022 1467 non
1056 1428 1312 1481 discordant,
1351 1427 1500 1467 effectu
1540 1432 1819 1480 prosequente
1858 1428 2064 1479 compleri.

228 1498 423 1537 Exhibita
465 1497 664 1548 siquidem
714 1498 831 1536 nobis
877 1501 1020 1536 uestra
1069 1497 1208 1547 petitio
1256 1497 1510 1550 continebat,
1558 1497 1664 1548 quod
1713 1497 1827 1535 clare
1876 1497 2095 1537 memorie.
2146 1504 2147 1510 ¹

229 1566 484 1616 I’.(1·emysl)
518 1577 596 1604 rex
622 1566 795 1619 boemie⁷
827 1567 996 1616 antiqua
1027 1565 1253 1619 priuilegia
1285 1565 1469 1604 ecclesie
1493 1569 1636 1604 uestre
1667 1577 1692 1604 a
1726 1565 2066 1619 progenitoribus

230 1635 316 1671 suis
349 1645 554 1672 concessa
581 1645 804 1686 renouans„
838 1635 962 1687 regia
990 1635 1142 1684 pietate
1176 1634 1376 1686 decreuit,
1401 1644 1542 1672 omnes
1568 1634 1861 1683 possessiones
1887 1633 2068 1673 eiusdem

229 1703 319 1739 siue
361 1702 439 1740 sint
483 1703 521 1740 in
563 1701 734 1751 boemia,
775 1703 865 1741 siue
905 1703 944 1740 in
983 1703 1188 1752 morauia,
1230 1700 1319 1741 fore
1368 1702 1420 1740 ab
1463 1703 1566 1741 omni
1608 1713 1775 1755 genere
1816 1702 2067 1756 tributorum,

229 1769 510 1823 uectigalium7
545 1770 808 1808 collectarum
851 1770 1105 1821 aliarumque
1145 1772 1317 1809 omnium
1359 1771 1621 1809 exactionum
1660 1770 1906 1810 secularium
1939 1771 2067 1809 abso-

230 1837 350 1889 lutas7
382 1837 595 1890 adiiciens7
629 1842 671 1877 ut
703 1838 836 1876 nullus
870 1850 943 1888 pro
977 1842 1205 1877 castrorum
1239 1837 1498 1878 edificatione
1531 1850 1606 1877 seu
1640 1837 1949 1878 reedificatione
1980 1839 2068 1880 siue

233 1917 307 1955 pro
340 1905 475 1956 aliqua
508 1906 719 1959 ingruenti
754 1906 1033 1960 expeditione,
1066 1907 1290 1946 secundum
1331 1907 1438 1958 quod
1471 1908 1510 1946 in
1544 1907 1741 1957 predictis
1775 1908 1952 1958 antiquis
1985 1908 2069 1958 pri-

233 1973 400 2026 uilegiis
434 1975 679 2028 continetur,
714 1975 898 2013 homines
931 1975 1113 2014 eiusdem
1146 1975 1329 2013 ecclesie
1362 1976 1595 2026 inquietare
1636 1979 1856 2026 presumat.
1890 1974 2068 2016 Cancel-

233 2041 381 2080 lare'am
416 2053 576 2093 quoque
610 2044 786 2097 regiam,
820 2054 908 2082 cum
942 2044 1115 2095 quadam
1147 2043 1244 2082 uilla
1278 2046 1319 2082 et
1351 2044 1556 2083 nonnullis
1590 2044 1858 2094 prouentibus
1891 2047 1986 2082 tunc
2019 2041 2068 2082 ad

235 2119 322 2147 eam
354 2111 636 2159 spectantibus
664 2113 924 2162 prepositure
957 2112 1086 2162 ipsius
1112 2112 1294 2151 ecclesie
1326 2124 1376 2152 ac
1403 2113 1595 2151 diuersas
1620 2112 1833 2151 libertates
1859 2116 1900 2151 et
1926 2122 2069 2150 exem-

234 2177 393 2226 ptiones
426 2179 671 2218 secularium
714 2181 984 2219 exaccionum
1018 2181 1200 2219 ecclesie
1240 2179 1401 2231 prefate
1433 2184 1475 2219 et
1507 2180 1736 2219 hominibus
1771 2181 1861 2218 eius
1895 2180 2069 2219 dextera

233 2244 390 2283 liberali
424 2249 646 2300 concessit,
687 2252 806 2298 prout
837 2249 877 2287 in
917 2249 1154 2299 patentibus
1193 2249 1323 2288 literis
1355 2249 1485 2300 ipsius
1524 2250 1645 2302 regis
1678 2247 1880 2288 confectis
1919 2246 2070 2287 exinde

236 2324 286 2350 ac
318 2325 392 2352 suo
425 2315 565 2367 sigillo
597 2317 779 2369 signatis
813 2317 972 2368 plenius
1005 2317 1251 2356 continetur.
1313 2317 1402 2356 Nos
1443 2318 1583 2368 itaque
1615 2318 1770 2356 uestris
1803 2316 2070 2367 supplicatio-

238 2380 355 2418 nibus
388 2382 581 2432 inclinati„
621 2385 728 2434 quod
762 2385 813 2424 ab
856 2385 1000 2424 eodem
1033 2396 1143 2438 rege
1183 2396 1312 2436 super
1350 2386 1565 2436 premissis
1599 2384 1771 2435 prouide
1810 2383 1959 2424 factum
1992 2385 2068 2436 est,

239 2452 364 2485 ratum
397 2453 438 2486 et
467 2448 614 2489 lii-mum
647 2451 865 2505 habentes7
890 2453 928 2491 id
961 2454 1208 2493 auctoritate
1235 2455 1463 2505 apostolica
1490 2452 1772 2493 confirmamus
1800 2456 1842 2493 et
1864 2452 2069 2504 presentis

239 2515 380 2564 scripti
413 2519 637 2565 patrocinio
671 2522 969 2561 communimus.
1018 2521 1225 2562 Tenon-em
1259 2526 1394 2562 autem
1414 2522 1622 2562 literarum
1655 2522 1835 2573 ipsarum
1859 2521 1911 2561 de
1942 2519 2069 2560 uerbo
