2155 2928
995 181 1156 245 ,-¹.9
1164 181 1293 239 9-Ϋέ

217 325 364 364 Abbas
398 325 436 362 in
464 325 659 363 Breae-nov
693 323 848 361 ordinis
873 321 1005 360 sancti
1041 320 1257 358 Benedicti
1283 319 1520 371 pragensis
1554 319 1750 369 dyocesis
1785 332 1858 370 pro
1891 320 2058 360 decimis

218 404 319 443 quas
362 393 414 430 al)
449 393 536 441 ipso
580 392 868 441 repetebamus
902 393 942 426 et
983 400 1055 437 pro
1090 388 1178 425 iure
1219 386 1455 424 instituendi
1498 390 1538 424 et
1572 387 1820 426 destituendi
1861 388 2059 437 plebanos

218 461 257 498 in
298 460 587 509 Italum-odensi
629 459 809 496 ecclesia
849 467 898 494 ac
942 456 980 493 in
1025 455 1116 492 aliis
1151 454 1382 503 parrochiis
1422 454 1619 492 videlicet
1659 455 1697 492 in
1739 454 1980 493 Zebraniec.
2018 456 2059 496 in

221 529 450 566 Domus-or.
485 528 523 564 in
558 524 924 564 Ozso·‹n-‹1‹·l101·ic.
959 523 996 559 in
1031 521 1249 562 Sdeboric.
1284 523 1323 559 in
1351 522 1499 571 quibus
1533 522 1594 559 ius
1629 526 1871 571 patronatus
1903 522 2060 564 habere

222 595 447 633 dinoscitur
487 591 714 631 manifeste.
754 592 842 628 sitis
886 591 924 627 in
969 589 1140 639 dyocesi
1182 589 1456 628 olomucensi.
1503 590 1650 628 nolens
1689 590 1832 629 subire
1873 591 2059 631 iudicium

219 663 525 699 contenciosum
551 660 760 697 nobiscum
796 662 836 695 et
868 668 955 694 cum
980 658 1194 695 canonicis
1221 659 1388 695 nostris.
1416 658 1584 707 petebat
1608 658 1810 696 humiliter
1832 662 1874 697 et
1898 659 2059 699 deuote.

219 734 261 766 ut
295 729 497 778 aliquibus
531 728 630 764 viris
670 726 862 763 discretis
897 725 1023 773 ipsam
1064 735 1229 762 causam
1270 725 1578 778 delegaremus.
1622 736 1697 775 per
1738 726 2060 775 conpositionem

220 796 471 834 amicabilem
514 793 819 832 terminandam.
867 803 1106 841 quamquam
1156 793 1206 831 de
1256 794 1345 830 iure
1385 805 1459 831 suo
1507 805 1586 831 non
1637 792 1852 831 dillideret.
1893 804 1982 832 cum
2021 797 2061 834 et

220 864 400 901 decimas
427 867 465 900 et
494 863 554 899 ius
586 860 819 898 instituendi
848 864 888 898 et
921 859 1169 898 destituendi
1195 862 1233 898 in
1260 861 1491 910 parrochiis
1524 862 1611 899 suis
1643 861 1879 910 possederit
1909 873 1932 899 a
1958 865 2060 901 tem-

220 942 334 980 pore.
368 943 389 967 a
430 941 507 979 quo
543 940 620 965 non
664 930 780 965 extat
814 927 1002 965 memoria
1046 929 1183 977 quiete
1218 933 1258 966 et
1301 926 1472 977 pacifice
1514 929 1605 966 sine
1645 928 1727 966 lite.
1768 932 1888 978 prout
1928 929 2060 968 dictus

218 998 349 1035 abbas
375 1000 414 1034 et
441 1000 670 1033 cointentus
698 996 825 1044 ipsius
852 997 979 1033 certis
1012 996 1324 1033 assercionibus
1350 994 1619 1034 affirmabant.
1675 996 1764 1034 Nos
1791 1007 1892 1035 uero
1921 996 2060 1036 habito

220 1064 390 1102 consilio
424 1074 551 1112 snper
576 1062 652 1100 boc
687 1066 728 1099 et
755 1062 943 1115 diligenti
979 1066 1156 1100 tractatu
1181 1074 1268 1101 cum
1304 1061 1499 1101 fratribus
1527 1064 1681 1101 nostris
1714 1064 1928 1102 canonicis
1961 1063 2061 1103 010-

219 1130 481 1170 mueensibus
532 1131 773 1179 peticionem
818 1131 891 1168 iam
933 1130 1027 1168 dicti
1075 1130 1253 1168 Abbatis
1301 1131 1489 1169 duximus
1529 1130 1830 1169 admittendam.
1871 1134 1913 1169 et
1959 1131 2061 1170 viris

218 1199 409 1236 discretis
443 1203 482 1235 et
516 1196 593 1235 lide
627 1198 783 1249 dignis.
820 1197 1016 1236 videlicet
1048 1198 1264 1250 Magistro
1297 1198 1555 1237 Marcllardo
1596 1199 1815 1237 scolastico
1848 1198 2062 1251 Pragensi

219 1270 259 1304 et
299 1263 413 1302 fratri
456 1263 644 1304 Gotl'rido
689 1266 740 1302 de
780 1265 897 1303 domo
937 1266 1167 1304 Tevtonica
1210 1266 1420 1304 arbitrium
1462 1267 1743 1304 connuisimus.
1784 1266 2064 1316 promittentes

217 1344 292 1371 nos
341 1333 446 1370 bona
497 1331 574 1370 lide
620 1338 745 1370 ratum
790 1336 830 1370 et
873 1331 1021 1371 firmum
1063 1333 1289 1372 habituros.
1339 1334 1530 1384 quicquid
1573 1345 1647 1384 per
1687 1334 1856 1372 eosdem
1903 1335 1943 1372 in
1982 1333 2060 1373 hac

217 1412 344 1438 causa
391 1398 512 1438 suerit
563 1400 873 1438 raciomtbilitor
925 1401 1165 1439 ordinatum.
1231 1401 1309 1448 Qvi
1360 1413 1529 1440 causam
1578 1402 1705 1452 ipsam
1754 1402 1804 1439 de
1853 1412 2061 1440 consensu

217 1470 394 1518 parcium
437 1468 513 1506 sibi
557 1469 810 1505 commissam
855 1474 1114 1506 assumentes
1163 1473 1204 1507 et
1244 1480 1333 1507 eam
1374 1474 1527 1507 exacta
1568 1481 1656 1507 cum
1697 1469 1926 1522 diligencia
1966 1469 2059 1507 hinc

216 1536 310 1574 inde
353 1536 615 1574 ventilantes.
656 1533 822 1573 sormam
867 1537 1183 1585 composicionis
1226 1537 1484 1586 protulerunt
1524 1537 1562 1575 in
1604 1537 1710 1575 bunc
1751 1537 1920 1575 modum.
1954 1535 2060 1587 quod

217 1614 319 1652 sepe
362 1603 496 1641 dictus
538 1603 670 1640 abbas
711 1604 842 1641 omnia
884 1604 972 1641 iura
1015 1615 1094 1654 que
1134 1616 1157 1642 a
1200 1606 1325 1654 prima
1366 1606 1428 1642 sni
1470 1602 1719 1642 fundacione
1760 1603 2060 1657 Raigradense

215 1672 503 1709 monasterium
546 1670 742 1720 possedit.
776 1676 855 1709 tam
896 1672 935 1709 in
969 1671 1138 1710 decimis
1179 1673 1350 1710 omnium
1382 1672 1566 1710 uillarum
1608 1671 1660 1710 ad
1702 1673 1829 1721 ipsum
1862 1675 2060 1721 spectan-

217 1739 318 1776 cium
353 1750 470 1788 quam
513 1739 552 1776 in
596 1739 684 1776 iure
726 1740 964 1777 instituendi
1005 1744 1045 1778 et
1085 1739 1331 1778 destituendi
1375 1740 1578 1790 plebanos
1621 1741 1659 1777 in
1703 1739 1934 1789 parrochiis
1974 1739 2060 1777 suis

217 1805 430 1855 possideat
464 1804 634 1855 pacifice
671 1810 712 1844 et
745 1808 881 1856 quiete
916 1808 954 1845 in
989 1813 1242 1856 perpetuum.
1306 1808 1512 1846 Preterea
1553 1807 1855 1845 denunciarunt
1887 1806 2060 1845 eundem

216 1873 404 1910 abbatem
438 1879 478 1911 et
519 1886 617 1911 suos
652 1885 929 1912 successores
969 1875 1020 1912 ab
1055 1876 1158 1912 omni
1203 1876 1460 1924 impeticione
1495 1876 1743 1924 inposterum
1788 1875 1949 1924 penitus
1982 1873 2060 1912 ab-

218 1940 384 1978 solutos.
412 1947 451 1978 et
481 1953 553 1990 pro
581 1941 786 1979 saluanda
810 1954 885 1979 sua
908 1943 1174 1980 consciencia
1203 1943 1320 1981 nobis
1349 1943 1398 1981 ad
1423 1943 1729 1992 conparandum
1751 1942 1859 1980 bona
1877 1941 2058 1981 ecclesie

217 2014 357 2045 nostre
397 2009 559 2047 XXlX.
600 2009 754 2048 talenta
797 2009 876 2047 bac
916 2011 1008 2047 uice
1059 2010 1331 2048 tantummodo
1374 2011 1596 2060 persoluat.
1660 2010 1706 2050 Si
1757 2014 1890 2048 autem
1931 2010 2060 2059 ipsum

218 2075 407 2114 abbatem
441 2077 507 2114 uel
548 2077 721 2127 aliquem
755 2088 1047 2116 successorum
1088 2089 1251 2116 suorum
1286 2084 1327 2116 ut
1360 2079 1528 2116 meliora
1567 2079 1805 2128 prospiciat.
1839 2078 2060 2130 contingat

219 2143 392 2193 aliquam
425 2145 557 2183 uillam
598 2146 833 2184 distrahere
865 2146 932 2184 uel
973 2146 1159 2184 vendere
1191 2157 1269 2184 sev
1310 2150 1570 2184 commutare.
1605 2146 1844 2196 prelibatum
1885 2146 1947 2183 ius
1979 2148 2056 2184 tam

216 2211 256 2248 in
288 2212 549 2251 institucione
579 2224 696 2263 quam
717 2213 991 2251 destitucione
1016 2225 1066 2252 ac
1092 2214 1261 2251 decimis
1286 2225 1415 2263 penes
1441 2215 1729 2252 monasterium
1758 2212 2058 2265 Raigradense

218 2278 504 2318 inuiolabiliter
546 2281 789 2320 remanebit.
853 2281 981 2329 Quam
1023 2282 1327 2320 ordinacionem
1367 2293 1443 2319 nos
1477 2281 1528 2319 de
1570 2281 1765 2320 concordi
1806 2284 1847 2318 et
1880 2279 2058 2319 vnanimi

218 2345 437 2384 voluntate.
471 2353 742 2397 acceptantes
775 2352 815 2387 et
841 2353 968 2387 ratam
1002 2349 1219 2387 babentes.
1247 2355 1466 2399 presentes
1500 2349 1661 2387 litteras
1687 2348 1737 2386 ad
1766 2347 2058 2386 succidendam

220 2422 371 2449 omnem
406 2415 687 2453 cauillacionis
722 2420 763 2454 et
796 2417 1118 2466 disceptacionis
1144 2418 1352 2455 materiam
1386 2429 1464 2467 qne
1497 2415 1603 2456 forte
1636 2416 1746 2466 apud
1779 2426 2056 2454 successores

221 2483 383 2515 nostros
425 2482 594 2528 proinde
635 2485 765 2532 possit
810 2484 1001 2522 suboriri.
1053 2483 1222 2523 fecimus
1271 2486 1493 2523 conscribi.
1535 2490 1576 2523 et
1616 2485 1878 2534 conscriptas
1926 2483 2054 2537 sigilli

221 2546 348 2582 nostri
388 2558 436 2583 ac
477 2550 640 2597 capituli
680 2553 811 2589 nostri
843 2553 1099 2602 appensione
1133 2552 1392 2591 decreuimus
1426 2553 1642 2592 roborare.
1705 2553 1815 2591 Acta
1847 2555 1943 2591 sunt
1973 2551 2053 2591 hec
